
    <marc:record>
        <marc:leader>01437nam a2200409 c 4500</marc:leader>
        <marc:controlfield tag="001">a6620573</marc:controlfield>
        <marc:controlfield tag="003">SpMaBN</marc:controlfield>
        <marc:controlfield tag="005">20191213122241.6</marc:controlfield>
        <marc:controlfield tag="008">191204s2019    sp a   | |||| 000 j spa  </marc:controlfield>
        <marc:datafield tag="015" ind1=" " ind2=" ">
            <marc:subfield code="a">MON18</marc:subfield>
        </marc:datafield>
        <marc:datafield tag="017" ind1=" " ind2=" ">
            <marc:subfield code="a">B 30745-2018</marc:subfield>
            <marc:subfield code="b">Oficina Depósito Legal Barcelona</marc:subfield>
        </marc:datafield>
        <marc:datafield tag="020" ind1=" " ind2=" ">
            <marc:subfield code="a">978-84-947735-5-6</marc:subfield>
        </marc:datafield>
        <marc:datafield tag="035" ind1=" " ind2=" ">
            <marc:subfield code="a">(OCoLC)1123070201</marc:subfield>
        </marc:datafield>
        <marc:datafield tag="040" ind1=" " ind2=" ">
            <marc:subfield code="a">SpMaBN</marc:subfield>
            <marc:subfield code="b">spa</marc:subfield>
            <marc:subfield code="c">SpMaBN</marc:subfield>
            <marc:subfield code="e">rda</marc:subfield>
        </marc:datafield>
        <marc:datafield tag="041" ind1="1" ind2=" ">
            <marc:subfield code="a">spa</marc:subfield>
            <marc:subfield code="h">eng</marc:subfield>
        </marc:datafield>
        <marc:datafield tag="044" ind1=" " ind2=" ">
            <marc:subfield code="a">sp</marc:subfield>
            <marc:subfield code="a">ag</marc:subfield>
            <marc:subfield code="a">mx</marc:subfield>
            <marc:subfield code="a">xv</marc:subfield>
        </marc:datafield>
        <marc:datafield tag="080" ind1=" " ind2=" ">
            <marc:subfield code="a">087.5:82</marc:subfield>
        </marc:datafield>
        <marc:datafield tag="100" ind1="1" ind2=" ">
            <marc:subfield code="a">Bradbury, Ray</marc:subfield>
            <marc:subfield code="d">1920-2012</marc:subfield>
            <marc:subfield code="e">autor</marc:subfield>
            <marc:subfield code="4">aut</marc:subfield>
        </marc:datafield>
        <marc:datafield tag="240" ind1="1" ind2="4">
            <marc:subfield code="a">The dragon</marc:subfield>
            <marc:subfield code="l">Español</marc:subfield>
        </marc:datafield>
        <marc:datafield tag="245" ind1="1" ind2="0">
            <marc:subfield code="a">Dragón</marc:subfield>
            <marc:subfield code="c">Ray Bradbury ; ilustraciones, Svetlin Vassilev ; traducción, Marcial Souto</marc:subfield>
        </marc:datafield>
        <marc:datafield tag="250" ind1=" " ind2=" ">
            <marc:subfield code="a">Primera edición: marzo de 2019</marc:subfield>
        </marc:datafield>
        <marc:datafield tag="264" ind1=" " ind2="1">
            <marc:subfield code="a">Barcelona ;</marc:subfield>
            <marc:subfield code="a">Buenos Aires ;</marc:subfield>
            <marc:subfield code="a">Ciudad de México</marc:subfield>
            <marc:subfield code="b">Libros del Zorro Rojo,</marc:subfield>
            <marc:subfield code="c">[2019]</marc:subfield>
        </marc:datafield>
        <marc:datafield tag="264" ind1=" " ind2="3">
            <marc:subfield code="a">Impreso en Eslovenia</marc:subfield>
            <marc:subfield code="b">GPS Group,</marc:subfield>
            <marc:subfield code="c">[fecha de fabricación no identificada]</marc:subfield>
        </marc:datafield>
        <marc:datafield tag="264" ind1=" " ind2="4">
            <marc:subfield code="c">©2019</marc:subfield>
        </marc:datafield>
        <marc:datafield tag="300" ind1=" " ind2=" ">
            <marc:subfield code="a">36 páginas sin numerar</marc:subfield>
            <marc:subfield code="b">ilustraciones (color)</marc:subfield>
            <marc:subfield code="c">33 cm</marc:subfield>
        </marc:datafield>
        <marc:datafield tag="336" ind1=" " ind2=" ">
            <marc:subfield code="a">Texto</marc:subfield>
            <marc:subfield code="a">Imagen fija</marc:subfield>
            <marc:subfield code="2">rdacontent</marc:subfield>
        </marc:datafield>
        <marc:datafield tag="337" ind1=" " ind2=" ">
            <marc:subfield code="a">sin mediación</marc:subfield>
            <marc:subfield code="2">rdamedia</marc:subfield>
        </marc:datafield>
        <marc:datafield tag="338" ind1=" " ind2=" ">
            <marc:subfield code="a">volumen</marc:subfield>
            <marc:subfield code="2">rdacarrier</marc:subfield>
        </marc:datafield>
        <marc:datafield tag="655" ind1=" " ind2="7">
            <marc:subfield code="a">Libros ilustrados</marc:subfield>
            <marc:subfield code="2">tgfbne</marc:subfield>
        </marc:datafield>
        <marc:datafield tag="655" ind1=" " ind2="7">
            <marc:subfield code="a">Libros juveniles</marc:subfield>
            <marc:subfield code="2">tgfbne</marc:subfield>
        </marc:datafield>
        <marc:datafield tag="700" ind1="0" ind2=" ">
            <marc:subfield code="a">Svetlin</marc:subfield>
            <marc:subfield code="d">1971-</marc:subfield>
            <marc:subfield code="e">ilustrador</marc:subfield>
            <marc:subfield code="4">ill</marc:subfield>
        </marc:datafield>
        <marc:datafield tag="700" ind1="1" ind2=" ">
            <marc:subfield code="a">Souto, Marcial</marc:subfield>
            <marc:subfield code="e">traductor</marc:subfield>
            <marc:subfield code="4">trl</marc:subfield>
        </marc:datafield>
        <marc:datafield tag="901" ind1=" " ind2=" ">
            <marc:subfield code="a">MON1912</marc:subfield>
        </marc:datafield>
        <marc:datafield tag="926" ind1=" " ind2=" ">
            <marc:subfield code="a">BNALCALA</marc:subfield>
            <marc:subfield code="b">CONSERVACI</marc:subfield>
            <marc:subfield code="c">DL/2618062</marc:subfield>
            <marc:subfield code="d">NO_PRESTA</marc:subfield>
            <marc:subfield code="f">1</marc:subfield>
        </marc:datafield>
        <marc:datafield tag="926" ind1=" " ind2=" ">
            <marc:subfield code="a">BNALCALA</marc:subfield>
            <marc:subfield code="b">SG_PETANTI</marc:subfield>
            <marc:subfield code="c">11/27005</marc:subfield>
            <marc:subfield code="d">FONDO_MODE</marc:subfield>
            <marc:subfield code="f">1</marc:subfield>
        </marc:datafield>
        <marc:datafield tag="956" ind1=" " ind2=" ">
            <marc:subfield code="a">2</marc:subfield>
        </marc:datafield>
        <marc:datafield tag="994" ind1=" " ind2=" ">
            <marc:subfield code="a">MONOMODERN</marc:subfield>
        </marc:datafield>
    </marc:record>