
    <marc:record>
        <marc:leader>02869nam a2200613 c 4500</marc:leader>
        <marc:controlfield tag="001">a6432039</marc:controlfield>
        <marc:controlfield tag="003">SpMaBN</marc:controlfield>
        <marc:controlfield tag="005">20230715012401.7</marc:controlfield>
        <marc:controlfield tag="008">190225s2019    sp a   | |||| 000 1 spa  </marc:controlfield>
        <marc:datafield tag="015" ind1=" " ind2=" ">
            <marc:subfield code="a">MON18</marc:subfield>
        </marc:datafield>
        <marc:datafield tag="017" ind1=" " ind2=" ">
            <marc:subfield code="a">B 26044-2018</marc:subfield>
            <marc:subfield code="b">Oficina Depósito Legal Barcelona</marc:subfield>
        </marc:datafield>
        <marc:datafield tag="020" ind1=" " ind2=" ">
            <marc:subfield code="a">978-84-17665-38-8</marc:subfield>
        </marc:datafield>
        <marc:datafield tag="035" ind1=" " ind2=" ">
            <marc:subfield code="a">(OCoLC)1089220116</marc:subfield>
        </marc:datafield>
        <marc:datafield tag="040" ind1=" " ind2=" ">
            <marc:subfield code="a">SpMaBN</marc:subfield>
            <marc:subfield code="b">spa</marc:subfield>
            <marc:subfield code="c">SpMaBN</marc:subfield>
            <marc:subfield code="e">rda</marc:subfield>
        </marc:datafield>
        <marc:datafield tag="041" ind1="1" ind2=" ">
            <marc:subfield code="a">spa</marc:subfield>
            <marc:subfield code="h">eng</marc:subfield>
        </marc:datafield>
        <marc:datafield tag="080" ind1=" " ind2=" ">
            <marc:subfield code="a">741.52</marc:subfield>
        </marc:datafield>
        <marc:datafield tag="080" ind1=" " ind2=" ">
            <marc:subfield code="a">821.111(73)-91&quot;19&quot;</marc:subfield>
        </marc:datafield>
        <marc:datafield tag="245" ind1="0" ind2="0">
            <marc:subfield code="a">Noche de resurrección</marc:subfield>
            <marc:subfield code="c">guion, Doug Moench ; dibujo, Steve Lightle [y otros once] ; color, Adrienne Roy. Las leyendas vivientes de Superman / guion, Elliot S. Maggin, Jim Steranko ; dibujo, Joe Orlando, Al Williamson, Frank Miller, Marshall Rogers, Wendy Pini, Michael WM. Kaluta, Klaus Janson, Jim Steranko ; color, Joe Orlando, Tatjana Wood, Lynn Varley, Anthony Tollin, Klaus Janson, Jim Steranko ; Batman creado por Bob Kane con Bill Finger ; Superman creado por Jerry Siegel y Joe Shuster ; con textos de Stephen King y Ray Bradbury ; traducción, Bárbara Azagra Rueda, Francisco San Rafael Simó</marc:subfield>
        </marc:datafield>
        <marc:datafield tag="246" ind1="1" ind2="5">
            <marc:subfield code="a">400</marc:subfield>
        </marc:datafield>
        <marc:datafield tag="250" ind1=" " ind2=" ">
            <marc:subfield code="a">Enero 2019</marc:subfield>
        </marc:datafield>
        <marc:datafield tag="264" ind1=" " ind2="1">
            <marc:subfield code="a">Barcelona</marc:subfield>
            <marc:subfield code="b">ECC Ediciones,</marc:subfield>
            <marc:subfield code="c">[2019]</marc:subfield>
        </marc:datafield>
        <marc:datafield tag="300" ind1=" " ind2=" ">
            <marc:subfield code="a">125 páginas, 19 páginas sin numerar</marc:subfield>
            <marc:subfield code="b">principalmente ilustraciones (color)</marc:subfield>
            <marc:subfield code="c">26 cm</marc:subfield>
        </marc:datafield>
        <marc:datafield tag="336" ind1=" " ind2=" ">
            <marc:subfield code="a">Imagen fija</marc:subfield>
            <marc:subfield code="a">Texto</marc:subfield>
            <marc:subfield code="2">rdacontent</marc:subfield>
        </marc:datafield>
        <marc:datafield tag="337" ind1=" " ind2=" ">
            <marc:subfield code="a">sin mediación</marc:subfield>
            <marc:subfield code="2">rdamedia</marc:subfield>
        </marc:datafield>
        <marc:datafield tag="338" ind1=" " ind2=" ">
            <marc:subfield code="a">volumen</marc:subfield>
            <marc:subfield code="2">rdacarrier</marc:subfield>
        </marc:datafield>
        <marc:datafield tag="490" ind1="0" ind2=" ">
            <marc:subfield code="a">Batman-Superman</marc:subfield>
        </marc:datafield>
        <marc:datafield tag="500" ind1=" " ind2=" ">
            <marc:subfield code="a">En la cubierta: DC</marc:subfield>
        </marc:datafield>
        <marc:datafield tag="500" ind1=" " ind2=" ">
            <marc:subfield code="a">Publicado originalmente en Batman, número 400; Superman, número 400</marc:subfield>
        </marc:datafield>
        <marc:datafield tag="655" ind1=" " ind2="7">
            <marc:subfield code="a">Cómics de superhéroes</marc:subfield>
            <marc:subfield code="2">tgfbne</marc:subfield>
        </marc:datafield>
        <marc:datafield tag="700" ind1="1" ind2=" ">
            <marc:subfield code="a">Azagra Rueda, Bárbara</marc:subfield>
            <marc:subfield code="e">traductor</marc:subfield>
            <marc:subfield code="4">trl</marc:subfield>
        </marc:datafield>
        <marc:datafield tag="700" ind1="1" ind2=" ">
            <marc:subfield code="a">Bradbury, Ray</marc:subfield>
            <marc:subfield code="d">1920-2012</marc:subfield>
            <marc:subfield code="e">prologuista</marc:subfield>
            <marc:subfield code="4">aui</marc:subfield>
        </marc:datafield>
        <marc:datafield tag="700" ind1="1" ind2=" ">
            <marc:subfield code="a">Finger, Bill</marc:subfield>
            <marc:subfield code="d">1914-1974</marc:subfield>
            <marc:subfield code="e">idea original</marc:subfield>
            <marc:subfield code="4">ccp</marc:subfield>
        </marc:datafield>
        <marc:datafield tag="700" ind1="1" ind2=" ">
            <marc:subfield code="a">Janson, Klaus</marc:subfield>
            <marc:subfield code="d">1952-</marc:subfield>
            <marc:subfield code="e">dibujante</marc:subfield>
            <marc:subfield code="4">art</marc:subfield>
        </marc:datafield>
        <marc:datafield tag="700" ind1="1" ind2=" ">
            <marc:subfield code="a">Kaluta, Michael William</marc:subfield>
            <marc:subfield code="d">1947-</marc:subfield>
            <marc:subfield code="e">dibujante</marc:subfield>
            <marc:subfield code="4">art</marc:subfield>
        </marc:datafield>
        <marc:datafield tag="700" ind1="1" ind2=" ">
            <marc:subfield code="a">Kane, Bob</marc:subfield>
            <marc:subfield code="d">1915-1998</marc:subfield>
            <marc:subfield code="e">idea original</marc:subfield>
            <marc:subfield code="4">ccp</marc:subfield>
        </marc:datafield>
        <marc:datafield tag="700" ind1="1" ind2=" ">
            <marc:subfield code="a">King, Stephen</marc:subfield>
            <marc:subfield code="d">1947-</marc:subfield>
            <marc:subfield code="e">prologuista</marc:subfield>
            <marc:subfield code="4">aui</marc:subfield>
        </marc:datafield>
        <marc:datafield tag="700" ind1="1" ind2=" ">
            <marc:subfield code="a">Lightle, Steve</marc:subfield>
            <marc:subfield code="e">dibujante</marc:subfield>
            <marc:subfield code="4">art</marc:subfield>
        </marc:datafield>
        <marc:datafield tag="700" ind1="1" ind2=" ">
            <marc:subfield code="a">Maggin, Elliot S.</marc:subfield>
            <marc:subfield code="e">autor</marc:subfield>
            <marc:subfield code="4">aut</marc:subfield>
        </marc:datafield>
        <marc:datafield tag="700" ind1="1" ind2=" ">
            <marc:subfield code="a">Miller, Frank</marc:subfield>
            <marc:subfield code="d">1957-</marc:subfield>
            <marc:subfield code="e">dibujante</marc:subfield>
            <marc:subfield code="4">art</marc:subfield>
        </marc:datafield>
        <marc:datafield tag="700" ind1="1" ind2=" ">
            <marc:subfield code="a">Moench, Doug</marc:subfield>
            <marc:subfield code="d">1948-</marc:subfield>
            <marc:subfield code="e">autor</marc:subfield>
            <marc:subfield code="4">aut</marc:subfield>
        </marc:datafield>
        <marc:datafield tag="700" ind1="1" ind2=" ">
            <marc:subfield code="a">Orlando, Joe</marc:subfield>
            <marc:subfield code="e">dibujante</marc:subfield>
            <marc:subfield code="4">art</marc:subfield>
        </marc:datafield>
        <marc:datafield tag="700" ind1="1" ind2=" ">
            <marc:subfield code="a">Pini, Wendy</marc:subfield>
            <marc:subfield code="e">dibujante</marc:subfield>
            <marc:subfield code="4">art</marc:subfield>
        </marc:datafield>
        <marc:datafield tag="700" ind1="1" ind2=" ">
            <marc:subfield code="a">Rogers, Marshall</marc:subfield>
            <marc:subfield code="d">1950-2007</marc:subfield>
            <marc:subfield code="e">dibujante</marc:subfield>
            <marc:subfield code="4">art</marc:subfield>
        </marc:datafield>
        <marc:datafield tag="700" ind1="1" ind2=" ">
            <marc:subfield code="a">San Rafael Simó, Francisco</marc:subfield>
            <marc:subfield code="d">1992-</marc:subfield>
            <marc:subfield code="e">traductor</marc:subfield>
            <marc:subfield code="4">trl</marc:subfield>
        </marc:datafield>
        <marc:datafield tag="700" ind1="1" ind2=" ">
            <marc:subfield code="a">Shuster, Joe</marc:subfield>
            <marc:subfield code="d">1914-1992</marc:subfield>
            <marc:subfield code="e">idea original</marc:subfield>
            <marc:subfield code="4">ccp</marc:subfield>
        </marc:datafield>
        <marc:datafield tag="700" ind1="1" ind2=" ">
            <marc:subfield code="a">Siegel, Jerry</marc:subfield>
            <marc:subfield code="d">1914-1996</marc:subfield>
            <marc:subfield code="e">idea original</marc:subfield>
            <marc:subfield code="4">ccp</marc:subfield>
        </marc:datafield>
        <marc:datafield tag="700" ind1="1" ind2=" ">
            <marc:subfield code="a">Steranko, Jim</marc:subfield>
            <marc:subfield code="d">1938-</marc:subfield>
            <marc:subfield code="e">dibujante</marc:subfield>
            <marc:subfield code="e">autor</marc:subfield>
            <marc:subfield code="4">art</marc:subfield>
            <marc:subfield code="4">aut</marc:subfield>
        </marc:datafield>
        <marc:datafield tag="700" ind1="1" ind2=" ">
            <marc:subfield code="a">Williamson, Al</marc:subfield>
            <marc:subfield code="d">1931-2010</marc:subfield>
            <marc:subfield code="e">dibujante</marc:subfield>
            <marc:subfield code="4">art</marc:subfield>
        </marc:datafield>
        <marc:datafield tag="740" ind1="4" ind2="2">
            <marc:subfield code="a">Las leyendas vivientes de Superman</marc:subfield>
        </marc:datafield>
        <marc:datafield tag="901" ind1=" " ind2=" ">
            <marc:subfield code="a">MON1902</marc:subfield>
        </marc:datafield>
        <marc:datafield tag="926" ind1=" " ind2=" ">
            <marc:subfield code="a">BNALCALA</marc:subfield>
            <marc:subfield code="b">CONSERVACI</marc:subfield>
            <marc:subfield code="c">DL/2564632</marc:subfield>
            <marc:subfield code="d">NO_PRESTA</marc:subfield>
            <marc:subfield code="f">1</marc:subfield>
        </marc:datafield>
        <marc:datafield tag="926" ind1=" " ind2=" ">
            <marc:subfield code="a">BNALCALA</marc:subfield>
            <marc:subfield code="b">SG_PETANTI</marc:subfield>
            <marc:subfield code="c">12/1230656</marc:subfield>
            <marc:subfield code="d">FONDO_MODE</marc:subfield>
            <marc:subfield code="f">1</marc:subfield>
        </marc:datafield>
        <marc:datafield tag="956" ind1=" " ind2=" ">
            <marc:subfield code="a">2</marc:subfield>
        </marc:datafield>
        <marc:datafield tag="994" ind1=" " ind2=" ">
            <marc:subfield code="a">MONOMODERN</marc:subfield>
        </marc:datafield>
    </marc:record>