
    <marc:record>
        <marc:leader>01681cam a22003372u 4500</marc:leader>
        <marc:controlfield tag="001">a6207672</marc:controlfield>
        <marc:controlfield tag="005">20200218022147.3</marc:controlfield>
        <marc:controlfield tag="006">m    |o  d        </marc:controlfield>
        <marc:controlfield tag="007">cr |n ||||||||</marc:controlfield>
        <marc:controlfield tag="008">180614s2014    sp |||||o|||| ||| ||cat d</marc:controlfield>
        <marc:datafield tag="020" ind1=" " ind2=" ">
            <marc:subfield code="a">9788475885131</marc:subfield>
        </marc:datafield>
        <marc:datafield tag="035" ind1=" " ind2=" ">
            <marc:subfield code="a">(ES-BaLIB)9788475885131</marc:subfield>
        </marc:datafield>
        <marc:datafield tag="040" ind1=" " ind2=" ">
            <marc:subfield code="a">ES-BaLIB</marc:subfield>
            <marc:subfield code="b">spa</marc:subfield>
            <marc:subfield code="c">SpMaBN</marc:subfield>
            <marc:subfield code="d">SpMaBN</marc:subfield>
            <marc:subfield code="e">local</marc:subfield>
        </marc:datafield>
        <marc:datafield tag="100" ind1="1" ind2=" ">
            <marc:subfield code="a">Bradbury, Ray</marc:subfield>
            <marc:subfield code="d">1920-2012</marc:subfield>
            <marc:subfield code="4">aut</marc:subfield>
            <marc:subfield code="0">XX1641453</marc:subfield>
        </marc:datafield>
        <marc:datafield tag="240" ind1="1" ind2="4">
            <marc:subfield code="a">The martian chronicles</marc:subfield>
            <marc:subfield code="l">Catalán</marc:subfield>
        </marc:datafield>
        <marc:datafield tag="245" ind1="1" ind2="4">
            <marc:subfield code="a">Les cròniques marcianes</marc:subfield>
        </marc:datafield>
        <marc:datafield tag="260" ind1=" " ind2=" ">
            <marc:subfield code="a">Barcelona</marc:subfield>
            <marc:subfield code="b">Proa</marc:subfield>
            <marc:subfield code="c">2014</marc:subfield>
        </marc:datafield>
        <marc:datafield tag="300" ind1=" " ind2=" ">
            <marc:subfield code="a">1 recurso en línea</marc:subfield>
            <marc:subfield code="b">il.</marc:subfield>
        </marc:datafield>
        <marc:datafield tag="347" ind1=" " ind2=" ">
            <marc:subfield code="a">archivo de texto</marc:subfield>
            <marc:subfield code="b">EPUB</marc:subfield>
            <marc:subfield code="c">0.37 Kbytes</marc:subfield>
        </marc:datafield>
        <marc:datafield tag="490" ind1="0" ind2=" ">
            <marc:subfield code="a">Proa butxaca</marc:subfield>
        </marc:datafield>
        <marc:datafield tag="500" ind1=" " ind2=" ">
            <marc:subfield code="a">Registro generado automáticamente a partir de metadatos facilitados por Libranda</marc:subfield>
        </marc:datafield>
        <marc:datafield tag="520" ind1="3" ind2=" ">
            <marc:subfield code="a">Les cròniques marcianes, obra clàssica de la ciència-ficció, recull les vicissituds de la colonització del planeta Mart i l'accidentada decadència de la seva civilització. A setanta milions de milles de distància del planeta Terra, el viatger de l'espai hi pot trobar els mateixos paranys dels quals creia fugir: la grolleria, la solitud, l'enveja o les parades de frankfurts.</marc:subfield>
        </marc:datafield>
        <marc:datafield tag="530" ind1=" " ind2=" ">
            <marc:subfield code="a">Publicado también como texto impreso</marc:subfield>
        </marc:datafield>
        <marc:datafield tag="596" ind1=" " ind2=" ">
            <marc:subfield code="a">&quot;Grup 62&quot;</marc:subfield>
        </marc:datafield>
        <marc:datafield tag="653" ind1=" " ind2=" ">
            <marc:subfield code="a">Ficción moderna y contemporánea</marc:subfield>
        </marc:datafield>
        <marc:datafield tag="700" ind1="1" ind2=" ">
            <marc:subfield code="a">Monzó, Quim</marc:subfield>
            <marc:subfield code="d">1952-</marc:subfield>
            <marc:subfield code="e">traductor</marc:subfield>
            <marc:subfield code="4">trl</marc:subfield>
        </marc:datafield>
        <marc:datafield tag="856" ind1="4" ind2="0">
            <marc:subfield code="u">http://repositorio.dl-e.es/epub.vm?id=0000031306.epub</marc:subfield>
            <marc:subfield code="y">Acceso electrónico</marc:subfield>
            <marc:subfield code="z">Acceso y/o uso restringido, disponible sólo desde la Biblioteca Nacional de España y los centros de conservación</marc:subfield>
        </marc:datafield>
        <marc:datafield tag="901" ind1=" " ind2=" ">
            <marc:subfield code="a">Libranda 22</marc:subfield>
            <marc:subfield code="a">Depósito legal electrónico</marc:subfield>
        </marc:datafield>
        <marc:datafield tag="926" ind1=" " ind2=" ">
            <marc:subfield code="a">BNMADRID</marc:subfield>
            <marc:subfield code="b">EN_LINEA</marc:subfield>
            <marc:subfield code="c">ACCESO EN LINEA</marc:subfield>
            <marc:subfield code="d">PUB_ELEC</marc:subfield>
            <marc:subfield code="f">1</marc:subfield>
        </marc:datafield>
        <marc:datafield tag="956" ind1=" " ind2=" ">
            <marc:subfield code="a">1</marc:subfield>
        </marc:datafield>
        <marc:datafield tag="994" ind1=" " ind2=" ">
            <marc:subfield code="a">MONOMODERN-RECELE</marc:subfield>
        </marc:datafield>
    </marc:record>