
    <marc:record>
        <marc:leader>02099cam a22003372u 4500</marc:leader>
        <marc:controlfield tag="001">a6207654</marc:controlfield>
        <marc:controlfield tag="005">20200218022147.3</marc:controlfield>
        <marc:controlfield tag="006">m    |o  d        </marc:controlfield>
        <marc:controlfield tag="007">cr |n ||||||||</marc:controlfield>
        <marc:controlfield tag="008">180614s2013    sp |||||o|||| ||| ||cat d</marc:controlfield>
        <marc:datafield tag="020" ind1=" " ind2=" ">
            <marc:subfield code="a">9788475884691</marc:subfield>
        </marc:datafield>
        <marc:datafield tag="035" ind1=" " ind2=" ">
            <marc:subfield code="a">(ES-BaLIB)9788475884691</marc:subfield>
        </marc:datafield>
        <marc:datafield tag="040" ind1=" " ind2=" ">
            <marc:subfield code="a">ES-BaLIB</marc:subfield>
            <marc:subfield code="b">spa</marc:subfield>
            <marc:subfield code="c">SpMaBN</marc:subfield>
            <marc:subfield code="d">SpMaBN</marc:subfield>
            <marc:subfield code="e">local</marc:subfield>
        </marc:datafield>
        <marc:datafield tag="100" ind1="1" ind2=" ">
            <marc:subfield code="a">Bradbury, Ray</marc:subfield>
            <marc:subfield code="d">1920-2012</marc:subfield>
            <marc:subfield code="4">aut</marc:subfield>
            <marc:subfield code="0">XX1641453</marc:subfield>
        </marc:datafield>
        <marc:datafield tag="240" ind1="1" ind2="0">
            <marc:subfield code="a">Fahrenheit 451</marc:subfield>
            <marc:subfield code="l">Catalán</marc:subfield>
        </marc:datafield>
        <marc:datafield tag="245" ind1="1" ind2="0">
            <marc:subfield code="a">Fahrenheit 451</marc:subfield>
        </marc:datafield>
        <marc:datafield tag="260" ind1=" " ind2=" ">
            <marc:subfield code="a">Barcelona</marc:subfield>
            <marc:subfield code="b">Proa</marc:subfield>
            <marc:subfield code="c">2013</marc:subfield>
        </marc:datafield>
        <marc:datafield tag="300" ind1=" " ind2=" ">
            <marc:subfield code="a">1 recurso en línea</marc:subfield>
            <marc:subfield code="b">il.</marc:subfield>
        </marc:datafield>
        <marc:datafield tag="347" ind1=" " ind2=" ">
            <marc:subfield code="a">archivo de texto</marc:subfield>
            <marc:subfield code="b">EPUB</marc:subfield>
            <marc:subfield code="c">0.31 Kbytes</marc:subfield>
        </marc:datafield>
        <marc:datafield tag="490" ind1="0" ind2=" ">
            <marc:subfield code="a">Les eines</marc:subfield>
        </marc:datafield>
        <marc:datafield tag="500" ind1=" " ind2=" ">
            <marc:subfield code="a">Registro generado automáticamente a partir de metadatos facilitados por Libranda</marc:subfield>
        </marc:datafield>
        <marc:datafield tag="520" ind1="3" ind2=" ">
            <marc:subfield code="a">Guy Montag és bomber en un futur imaginari en el que aquests professionals tenen la missió de cremar els llibres, i perseguir aquells que els llegeixen. Aquest és el punt de partida de Fahrenheit 451, una de les novel·les més cèlebres de la ciència-ficció i que, juntament amb 1984 de George Orwell i Un món feliç d'Aldous Huxley, descriu una civilització occidental esclavitzada per la tecnologia, els tranquil·litzants i el conformisme social.Fahrenheit 451 és molt més que una faula sobre un futur aparentment feliç i despreocupat, però gris i sotmès per l'estupidesa humana, aborda temes d'un interès cabdal com ho són el poder, la censura i la importància de la literatura i de la força de la paraula com elements vertebradors del pensament i la responsabilitat social davant de la manipulació dels governants.</marc:subfield>
        </marc:datafield>
        <marc:datafield tag="530" ind1=" " ind2=" ">
            <marc:subfield code="a">Publicado también como texto impreso</marc:subfield>
        </marc:datafield>
        <marc:datafield tag="596" ind1=" " ind2=" ">
            <marc:subfield code="a">&quot;Grup 62&quot;</marc:subfield>
        </marc:datafield>
        <marc:datafield tag="653" ind1=" " ind2=" ">
            <marc:subfield code="a">Ciencia ficción</marc:subfield>
        </marc:datafield>
        <marc:datafield tag="700" ind1="1" ind2=" ">
            <marc:subfield code="a">Subirana, Jaume</marc:subfield>
            <marc:subfield code="d">1963-</marc:subfield>
            <marc:subfield code="e">traductor</marc:subfield>
            <marc:subfield code="4">trl</marc:subfield>
        </marc:datafield>
        <marc:datafield tag="856" ind1="4" ind2="0">
            <marc:subfield code="u">http://repositorio.dl-e.es/epub.vm?id=0000031239.epub</marc:subfield>
            <marc:subfield code="y">Acceso electrónico</marc:subfield>
            <marc:subfield code="z">Acceso y/o uso restringido, disponible sólo desde la Biblioteca Nacional de España y los centros de conservación</marc:subfield>
        </marc:datafield>
        <marc:datafield tag="901" ind1=" " ind2=" ">
            <marc:subfield code="a">Libranda 22</marc:subfield>
            <marc:subfield code="a">Depósito legal electrónico</marc:subfield>
        </marc:datafield>
        <marc:datafield tag="926" ind1=" " ind2=" ">
            <marc:subfield code="a">BNMADRID</marc:subfield>
            <marc:subfield code="b">EN_LINEA</marc:subfield>
            <marc:subfield code="c">ACCESO EN LINEA</marc:subfield>
            <marc:subfield code="d">PUB_ELEC</marc:subfield>
            <marc:subfield code="f">1</marc:subfield>
        </marc:datafield>
        <marc:datafield tag="956" ind1=" " ind2=" ">
            <marc:subfield code="a">1</marc:subfield>
        </marc:datafield>
        <marc:datafield tag="994" ind1=" " ind2=" ">
            <marc:subfield code="a">MONOMODERN-RECELE</marc:subfield>
        </marc:datafield>
    </marc:record>