
    <marc:record>
        <marc:leader>02498ngm a2200517   4500</marc:leader>
        <marc:controlfield tag="001">a4852215</marc:controlfield>
        <marc:controlfield tag="003">SpMaBN</marc:controlfield>
        <marc:controlfield tag="005">20160106003817.4</marc:controlfield>
        <marc:controlfield tag="006">g107 g     ||   vl</marc:controlfield>
        <marc:controlfield tag="007">vd cvaizm</marc:controlfield>
        <marc:controlfield tag="008">101029s2010    sp 107 g         11 mul  </marc:controlfield>
        <marc:datafield tag="015" ind1=" " ind2=" ">
            <marc:subfield code="a">VD10</marc:subfield>
        </marc:datafield>
        <marc:datafield tag="017" ind1=" " ind2=" ">
            <marc:subfield code="a">M 14086-2010</marc:subfield>
            <marc:subfield code="b">Oficina Depósito Legal Madrid</marc:subfield>
        </marc:datafield>
        <marc:datafield tag="035" ind1=" " ind2=" ">
            <marc:subfield code="a">(OCoLC)796328638</marc:subfield>
        </marc:datafield>
        <marc:datafield tag="040" ind1=" " ind2=" ">
            <marc:subfield code="a">SpMaBN</marc:subfield>
            <marc:subfield code="b">spa</marc:subfield>
            <marc:subfield code="c">SpMaBN</marc:subfield>
            <marc:subfield code="e">rdc</marc:subfield>
        </marc:datafield>
        <marc:datafield tag="041" ind1="1" ind2=" ">
            <marc:subfield code="a">eng</marc:subfield>
            <marc:subfield code="a">ita</marc:subfield>
            <marc:subfield code="a">spa</marc:subfield>
            <marc:subfield code="b">eng</marc:subfield>
            <marc:subfield code="b">ita</marc:subfield>
            <marc:subfield code="b">spa</marc:subfield>
            <marc:subfield code="h">eng</marc:subfield>
        </marc:datafield>
        <marc:datafield tag="130" ind1="0" ind2=" ">
            <marc:subfield code="a">Fahrenheit 451(François Truffaut)</marc:subfield>
            <marc:subfield code="l">Políglota</marc:subfield>
        </marc:datafield>
        <marc:datafield tag="245" ind1="1" ind2="0">
            <marc:subfield code="a">Fahrenheit 451</marc:subfield>
            <marc:subfield code="h">[Videograbación]</marc:subfield>
            <marc:subfield code="c">directed by François Truffaut ; screenplay by François Truffaut and Jean-Louis Richard ; produced by Lewis M. Allen ; original music by Bernard Herrmann ; cinematography by Nicolas Roeg</marc:subfield>
        </marc:datafield>
        <marc:datafield tag="260" ind1=" " ind2=" ">
            <marc:subfield code="a">[Madrid]</marc:subfield>
            <marc:subfield code="b">Ediciones El País</marc:subfield>
            <marc:subfield code="b">Universal Pictures International Limited</marc:subfield>
            <marc:subfield code="c">D.L. 2010</marc:subfield>
        </marc:datafield>
        <marc:datafield tag="300" ind1=" " ind2=" ">
            <marc:subfield code="a">1 DVD-Vídeo (ca. 107 min)</marc:subfield>
            <marc:subfield code="b">son., col.</marc:subfield>
            <marc:subfield code="e">1 libro (61 p.)</marc:subfield>
        </marc:datafield>
        <marc:datafield tag="490" ind1="1" ind2=" ">
            <marc:subfield code="a">Cine ciencia ficción</marc:subfield>
        </marc:datafield>
        <marc:datafield tag="500" ind1=" " ind2=" ">
            <marc:subfield code="a">Basada en la novela homónima de Ray Bradbury</marc:subfield>
        </marc:datafield>
        <marc:datafield tag="500" ind1=" " ind2=" ">
            <marc:subfield code="a">Incluyen extras con información adicional</marc:subfield>
        </marc:datafield>
        <marc:datafield tag="511" ind1="1" ind2=" ">
            <marc:subfield code="a">Oskar Werner, Julie Christie, Cyril Cusack</marc:subfield>
        </marc:datafield>
        <marc:datafield tag="518" ind1=" " ind2=" ">
            <marc:subfield code="a">Largometraje realizado en 1966 en Reino Unido</marc:subfield>
        </marc:datafield>
        <marc:datafield tag="520" ind1="3" ind2=" ">
            <marc:subfield code="a">Montag, un disciplinado bombero encargado de quemar libros prohibidos, conoce a una revolucionaria maestra que se atreve a leer. De pronto, se encuentra transformado en un fugitivo, obligado a escoger no sólo entre dos mujeres, sino entre su seguridad personal y su libertad intelectual</marc:subfield>
        </marc:datafield>
        <marc:datafield tag="521" ind1=" " ind2=" ">
            <marc:subfield code="a">Autorizada para todos los públicos</marc:subfield>
        </marc:datafield>
        <marc:datafield tag="546" ind1=" " ind2=" ">
            <marc:subfield code="a">Versiones en inglés, italiano y español, con subtítulos opcionales en inglés, italiano y español</marc:subfield>
        </marc:datafield>
        <marc:datafield tag="596" ind1=" " ind2=" ">
            <marc:subfield code="a">Ejemplar comercializado por el periódico El País</marc:subfield>
        </marc:datafield>
        <marc:datafield tag="597" ind1=" " ind2=" ">
            <marc:subfield code="a">Formato de película 1.85:1</marc:subfield>
        </marc:datafield>
        <marc:datafield tag="597" ind1=" " ind2=" ">
            <marc:subfield code="a">Incluye un libro sobre la película a cargo de Toni García Ramón</marc:subfield>
        </marc:datafield>
        <marc:datafield tag="597" ind1=" " ind2=" ">
            <marc:subfield code="a">Sistema de grabación del color PAL</marc:subfield>
        </marc:datafield>
        <marc:datafield tag="597" ind1=" " ind2=" ">
            <marc:subfield code="a">Sistema de sonido Dolby Digital</marc:subfield>
        </marc:datafield>
        <marc:datafield tag="655" ind1=" " ind2="7">
            <marc:subfield code="a">Cine de ciencia ficción</marc:subfield>
            <marc:subfield code="2">tgfbne</marc:subfield>
        </marc:datafield>
        <marc:datafield tag="700" ind1="1" ind2=" ">
            <marc:subfield code="a">Allen, Lewis M.</marc:subfield>
            <marc:subfield code="d">1922-2003</marc:subfield>
        </marc:datafield>
        <marc:datafield tag="700" ind1="1" ind2=" ">
            <marc:subfield code="a">Bradbury, Ray</marc:subfield>
            <marc:subfield code="d">1920-2012</marc:subfield>
            <marc:subfield code="t">Fahrenheit 451</marc:subfield>
        </marc:datafield>
        <marc:datafield tag="700" ind1="1" ind2=" ">
            <marc:subfield code="a">Christie, Julie</marc:subfield>
            <marc:subfield code="d">1941-</marc:subfield>
        </marc:datafield>
        <marc:datafield tag="700" ind1="1" ind2=" ">
            <marc:subfield code="a">Cusack, Cyril</marc:subfield>
            <marc:subfield code="d">1910-1993</marc:subfield>
        </marc:datafield>
        <marc:datafield tag="700" ind1="1" ind2=" ">
            <marc:subfield code="a">Richard, Jean-Louis</marc:subfield>
            <marc:subfield code="d">1927-2012</marc:subfield>
        </marc:datafield>
        <marc:datafield tag="700" ind1="1" ind2=" ">
            <marc:subfield code="a">Truffaut, François</marc:subfield>
            <marc:subfield code="d">1932-1984</marc:subfield>
        </marc:datafield>
        <marc:datafield tag="700" ind1="1" ind2=" ">
            <marc:subfield code="a">Werner, Oskar</marc:subfield>
            <marc:subfield code="d">1922-1984</marc:subfield>
        </marc:datafield>
        <marc:datafield tag="787" ind1="0" ind2=" ">
            <marc:subfield code="t">La noche americana</marc:subfield>
            <marc:subfield code="h">Texto impreso</marc:subfield>
            <marc:subfield code="w">bimo0001513163</marc:subfield>
        </marc:datafield>
        <marc:datafield tag="830" ind1=" " ind2="0">
            <marc:subfield code="a">Cine ciencia ficción</marc:subfield>
        </marc:datafield>
        <marc:datafield tag="926" ind1=" " ind2=" ">
            <marc:subfield code="a">BNMADRID</marc:subfield>
            <marc:subfield code="b">SALA_BARBI</marc:subfield>
            <marc:subfield code="c">DVD/55173</marc:subfield>
            <marc:subfield code="d">MAT_ESPECI</marc:subfield>
            <marc:subfield code="f">1</marc:subfield>
        </marc:datafield>
        <marc:datafield tag="956" ind1=" " ind2=" ">
            <marc:subfield code="a">1</marc:subfield>
        </marc:datafield>
        <marc:datafield tag="994" ind1=" " ind2=" ">
            <marc:subfield code="a">VIDEO</marc:subfield>
        </marc:datafield>
    </marc:record>