
    <marc:record>
        <marc:leader>04021ngm a2200709   4500</marc:leader>
        <marc:controlfield tag="001">a4592018</marc:controlfield>
        <marc:controlfield tag="003">SpMaBN</marc:controlfield>
        <marc:controlfield tag="005">20230727005700.5</marc:controlfield>
        <marc:controlfield tag="006">g211 e     ||   vl</marc:controlfield>
        <marc:controlfield tag="007">vd cvaizm</marc:controlfield>
        <marc:controlfield tag="008">090831s2009    sp 211 e         11 mul  </marc:controlfield>
        <marc:datafield tag="015" ind1=" " ind2=" ">
            <marc:subfield code="a">VD09</marc:subfield>
        </marc:datafield>
        <marc:datafield tag="017" ind1=" " ind2=" ">
            <marc:subfield code="a">M 18974-2009</marc:subfield>
            <marc:subfield code="b">Oficina Depósito Legal Madrid</marc:subfield>
        </marc:datafield>
        <marc:datafield tag="028" ind1="4" ind2="0">
            <marc:subfield code="a">827 139 1</marc:subfield>
            <marc:subfield code="b">Universal</marc:subfield>
        </marc:datafield>
        <marc:datafield tag="035" ind1=" " ind2=" ">
            <marc:subfield code="a">(OCoLC)742065867</marc:subfield>
        </marc:datafield>
        <marc:datafield tag="040" ind1=" " ind2=" ">
            <marc:subfield code="a">SpMaBN</marc:subfield>
            <marc:subfield code="b">spa</marc:subfield>
            <marc:subfield code="c">SpMaBN</marc:subfield>
            <marc:subfield code="e">rdc</marc:subfield>
        </marc:datafield>
        <marc:datafield tag="041" ind1="1" ind2=" ">
            <marc:subfield code="a">mul</marc:subfield>
            <marc:subfield code="b">mul</marc:subfield>
            <marc:subfield code="d">eng</marc:subfield>
        </marc:datafield>
        <marc:datafield tag="245" ind1="0" ind2="0">
            <marc:subfield code="a">Ciencia ficción</marc:subfield>
            <marc:subfield code="h">[Videograbación]</marc:subfield>
        </marc:datafield>
        <marc:datafield tag="246" ind1="1" ind2="3">
            <marc:subfield code="a">Colección 2 DVD ciencia ficción</marc:subfield>
        </marc:datafield>
        <marc:datafield tag="246" ind1="1" ind2="3">
            <marc:subfield code="a">Colección ciencia ficción</marc:subfield>
        </marc:datafield>
        <marc:datafield tag="260" ind1=" " ind2=" ">
            <marc:subfield code="a">Madrid</marc:subfield>
            <marc:subfield code="b">editado internacionalmente por Universal Pictures International Limited</marc:subfield>
            <marc:subfield code="b">distribuido en España por Universal Pictures Iberia</marc:subfield>
            <marc:subfield code="c">D.L. 2009</marc:subfield>
        </marc:datafield>
        <marc:datafield tag="300" ind1=" " ind2=" ">
            <marc:subfield code="a">2 DVD-Vídeo (ca. 211 min)</marc:subfield>
            <marc:subfield code="b">son., col.</marc:subfield>
        </marc:datafield>
        <marc:datafield tag="500" ind1=" " ind2=" ">
            <marc:subfield code="a">Basada en la novela homónima de Ray Bradbury (Fahrenheit 451)</marc:subfield>
        </marc:datafield>
        <marc:datafield tag="500" ind1=" " ind2=" ">
            <marc:subfield code="a">Cine americano USA (Matadero cinco)</marc:subfield>
        </marc:datafield>
        <marc:datafield tag="500" ind1=" " ind2=" ">
            <marc:subfield code="a">Cine europeo Inglaterra (Fahrenheit 451)</marc:subfield>
        </marc:datafield>
        <marc:datafield tag="500" ind1=" " ind2=" ">
            <marc:subfield code="a">Guión basado en la novela de Kurt Vonnegut Jr. (Matadero cinco)</marc:subfield>
        </marc:datafield>
        <marc:datafield tag="500" ind1=" " ind2=" ">
            <marc:subfield code="a">Incluyen extras con información adicional</marc:subfield>
        </marc:datafield>
        <marc:datafield tag="500" ind1=" " ind2=" ">
            <marc:subfield code="a">Películas de ciencia-ficción realizadas en 1966 (Fahrenheit 451) y en 1972 (Matadero cinco)</marc:subfield>
        </marc:datafield>
        <marc:datafield tag="505" ind1="0" ind2="0">
            <marc:subfield code="a">DVD 1. Fahrenheit 451 / directed by François Truffaut ; screenplay by François Truffaut and Jean-Louis Richard ; produced by Lewis M. Allen ; original music by Bernard Herrmann ; cinematography by Nicolas Roeg -- DVD 2. Matadero cinco = Slaughterhouse-Five / director George Roy Hill ; argumento, Kurt Vonnegut Jr., Stephen Geller ; producida por Paul Monash ; música original, Glenn Gould ; director de fotografía, Miroslav Ondrícek</marc:subfield>
        </marc:datafield>
        <marc:datafield tag="511" ind1="1" ind2=" ">
            <marc:subfield code="a">Michael Sacks, Ron Liebman, Eugene Roche (Matadero cinco)</marc:subfield>
        </marc:datafield>
        <marc:datafield tag="511" ind1="1" ind2=" ">
            <marc:subfield code="a">Oskar Werner, Julie Christie, Cyril Cusack (Fahrenheit 451)</marc:subfield>
        </marc:datafield>
        <marc:datafield tag="520" ind1="3" ind2=" ">
            <marc:subfield code="a">Aunque Billy parece un hombre ordinario tiene la capacidad de revivir momentos pasados y futuros de su vida. Así esta capacidad lo lleva por el tiempo sin que él sepa cuando podrá regresar (Matadero cinco)</marc:subfield>
        </marc:datafield>
        <marc:datafield tag="520" ind1="3" ind2=" ">
            <marc:subfield code="a">Montag, un disciplinado bombero encargado de quemar libros prohibidos, conoce a una revolucionaria maestra que se atreve a leer. De pronto, se encuentra transformado en un fugitivo, obligado a escoger no sólo entre dos mujeres, sino entre su seguridad personal y su libertad intelectual (Fahrenheit 451)</marc:subfield>
        </marc:datafield>
        <marc:datafield tag="521" ind1=" " ind2=" ">
            <marc:subfield code="a">Autorizada para todos los públicos (Fahrenheit 451)</marc:subfield>
        </marc:datafield>
        <marc:datafield tag="521" ind1=" " ind2=" ">
            <marc:subfield code="a">No recomendada para menores de 18 años (Matadero cinco)</marc:subfield>
        </marc:datafield>
        <marc:datafield tag="546" ind1=" " ind2=" ">
            <marc:subfield code="a">Versiones en inglés y español, con subtítulos opcionales en inglés, español y portugués (Matadero cinco)</marc:subfield>
        </marc:datafield>
        <marc:datafield tag="546" ind1=" " ind2=" ">
            <marc:subfield code="a">Versiones en inglés, italiano y español, con subtítulos opcionales en inglés, italiano y español (Fahrenheit 451)</marc:subfield>
        </marc:datafield>
        <marc:datafield tag="597" ind1=" " ind2=" ">
            <marc:subfield code="a">Sistema de sonido Dolby Digital</marc:subfield>
        </marc:datafield>
        <marc:datafield tag="700" ind1="1" ind2=" ">
            <marc:subfield code="a">Allen, Lewis M.</marc:subfield>
            <marc:subfield code="d">1922-2003</marc:subfield>
        </marc:datafield>
        <marc:datafield tag="700" ind1="1" ind2=" ">
            <marc:subfield code="a">Bradbury, Ray</marc:subfield>
            <marc:subfield code="d">1920-2012</marc:subfield>
            <marc:subfield code="t">Fahrenheit 451</marc:subfield>
        </marc:datafield>
        <marc:datafield tag="700" ind1="1" ind2=" ">
            <marc:subfield code="a">Christie, Julie</marc:subfield>
            <marc:subfield code="d">1941-</marc:subfield>
        </marc:datafield>
        <marc:datafield tag="700" ind1="1" ind2=" ">
            <marc:subfield code="a">Cusack, Cyril</marc:subfield>
            <marc:subfield code="d">1910-1993</marc:subfield>
        </marc:datafield>
        <marc:datafield tag="700" ind1="1" ind2=" ">
            <marc:subfield code="a">Geller, Stephen</marc:subfield>
        </marc:datafield>
        <marc:datafield tag="700" ind1="1" ind2=" ">
            <marc:subfield code="a">Gould, Glenn</marc:subfield>
            <marc:subfield code="d">1932-1982</marc:subfield>
        </marc:datafield>
        <marc:datafield tag="700" ind1="1" ind2=" ">
            <marc:subfield code="a">Hill, George Roy</marc:subfield>
            <marc:subfield code="d">1922-2002</marc:subfield>
        </marc:datafield>
        <marc:datafield tag="700" ind1="1" ind2=" ">
            <marc:subfield code="a">Leibman, Ron</marc:subfield>
            <marc:subfield code="d">1937-2019</marc:subfield>
        </marc:datafield>
        <marc:datafield tag="700" ind1="1" ind2=" ">
            <marc:subfield code="a">Monash, Paul</marc:subfield>
            <marc:subfield code="d">1917-2003</marc:subfield>
        </marc:datafield>
        <marc:datafield tag="700" ind1="1" ind2=" ">
            <marc:subfield code="a">Ondrícek, Miroslav</marc:subfield>
            <marc:subfield code="d">1934-2015</marc:subfield>
        </marc:datafield>
        <marc:datafield tag="700" ind1="1" ind2=" ">
            <marc:subfield code="a">Richard, Jean-Louis</marc:subfield>
            <marc:subfield code="d">1927-2012</marc:subfield>
        </marc:datafield>
        <marc:datafield tag="700" ind1="1" ind2=" ">
            <marc:subfield code="a">Roche, Eugène</marc:subfield>
        </marc:datafield>
        <marc:datafield tag="700" ind1="1" ind2=" ">
            <marc:subfield code="a">Sacks, Michael</marc:subfield>
            <marc:subfield code="d">1948-</marc:subfield>
        </marc:datafield>
        <marc:datafield tag="700" ind1="1" ind2=" ">
            <marc:subfield code="a">Truffaut, François</marc:subfield>
            <marc:subfield code="d">1932-1984</marc:subfield>
        </marc:datafield>
        <marc:datafield tag="700" ind1="1" ind2=" ">
            <marc:subfield code="a">Vonnegut, Kurt</marc:subfield>
            <marc:subfield code="d">1922-2007</marc:subfield>
            <marc:subfield code="t">Slaughterhouse-five</marc:subfield>
        </marc:datafield>
        <marc:datafield tag="700" ind1="1" ind2=" ">
            <marc:subfield code="a">Werner, Oskar</marc:subfield>
            <marc:subfield code="d">1922-1984</marc:subfield>
        </marc:datafield>
        <marc:datafield tag="730" ind1="0" ind2="2">
            <marc:subfield code="a">Fahrenheit 451(François Truffaut)</marc:subfield>
            <marc:subfield code="l">Políglota</marc:subfield>
        </marc:datafield>
        <marc:datafield tag="730" ind1="0" ind2="2">
            <marc:subfield code="a">Slaughterhouse-Five (G.R. Hill)</marc:subfield>
            <marc:subfield code="l">Español-Inglés</marc:subfield>
        </marc:datafield>
        <marc:datafield tag="740" ind1="0" ind2="2">
            <marc:subfield code="a">Matadero cinco</marc:subfield>
        </marc:datafield>
        <marc:datafield tag="926" ind1=" " ind2=" ">
            <marc:subfield code="a">BNMADRID</marc:subfield>
            <marc:subfield code="b">SALA_BARBI</marc:subfield>
            <marc:subfield code="c">DVD/42963 V. 1</marc:subfield>
            <marc:subfield code="d">MAT_ESPECI</marc:subfield>
            <marc:subfield code="f">1</marc:subfield>
        </marc:datafield>
        <marc:datafield tag="926" ind1=" " ind2=" ">
            <marc:subfield code="a">BNMADRID</marc:subfield>
            <marc:subfield code="b">SALA_BARBI</marc:subfield>
            <marc:subfield code="c">DVD/42964 V. 2</marc:subfield>
            <marc:subfield code="d">MAT_ESPECI</marc:subfield>
            <marc:subfield code="f">1</marc:subfield>
        </marc:datafield>
        <marc:datafield tag="956" ind1=" " ind2=" ">
            <marc:subfield code="a">1</marc:subfield>
        </marc:datafield>
        <marc:datafield tag="980" ind1=" " ind2=" ">
            <marc:subfield code=".">017.   </marc:subfield>
            <marc:subfield code="a">M 18974-2009</marc:subfield>
            <marc:subfield code=".">852. 40</marc:subfield>
            <marc:subfield code="a">SpMaBN</marc:subfield>
            <marc:subfield code="b">BNMADRID</marc:subfield>
            <marc:subfield code="c">SALA_BARBI</marc:subfield>
            <marc:subfield code="j">DVD/42963-DVD/42964</marc:subfield>
            <marc:subfield code=".">853. 20</marc:subfield>
            <marc:subfield code="8">1</marc:subfield>
            <marc:subfield code="a">v.</marc:subfield>
            <marc:subfield code=".">863. 43</marc:subfield>
            <marc:subfield code="8">1.1</marc:subfield>
            <marc:subfield code="a">1</marc:subfield>
            <marc:subfield code=".">863. 43</marc:subfield>
            <marc:subfield code="8">1.2</marc:subfield>
            <marc:subfield code="a">2</marc:subfield>
            <marc:subfield code=".">866. 40</marc:subfield>
            <marc:subfield code="8">0</marc:subfield>
            <marc:subfield code="a">2 DVDs</marc:subfield>
        </marc:datafield>
        <marc:datafield tag="994" ind1=" " ind2=" ">
            <marc:subfield code="a">VIDEO</marc:subfield>
        </marc:datafield>
    </marc:record>