
    <marc:record>
        <marc:leader>01396nam a2200337   4500</marc:leader>
        <marc:controlfield tag="001">bimo0001943125</marc:controlfield>
        <marc:controlfield tag="003">SpMaBN</marc:controlfield>
        <marc:controlfield tag="005">20200515020400.6</marc:controlfield>
        <marc:controlfield tag="008">040519s2004    sp |          ||| ||spa  </marc:controlfield>
        <marc:datafield tag="016" ind1="7" ind2=" ">
            <marc:subfield code="a">bimoBNE20040491419</marc:subfield>
            <marc:subfield code="2">SpMaBN</marc:subfield>
        </marc:datafield>
        <marc:datafield tag="017" ind1=" " ind2=" ">
            <marc:subfield code="a">B 12470-2004</marc:subfield>
            <marc:subfield code="b">Oficina Depósito Legal Barcelona</marc:subfield>
        </marc:datafield>
        <marc:datafield tag="020" ind1=" " ind2=" ">
            <marc:subfield code="a">84-450-7497-0</marc:subfield>
        </marc:datafield>
        <marc:datafield tag="035" ind1=" " ind2=" ">
            <marc:subfield code="a">(OCoLC)55014038</marc:subfield>
        </marc:datafield>
        <marc:datafield tag="040" ind1=" " ind2=" ">
            <marc:subfield code="a">SpMaBN</marc:subfield>
            <marc:subfield code="b">spa</marc:subfield>
            <marc:subfield code="c">SpMaBN</marc:subfield>
            <marc:subfield code="e">rdc</marc:subfield>
        </marc:datafield>
        <marc:datafield tag="041" ind1="1" ind2=" ">
            <marc:subfield code="a">spa</marc:subfield>
            <marc:subfield code="h">eng</marc:subfield>
        </marc:datafield>
        <marc:datafield tag="080" ind1=" " ind2=" ">
            <marc:subfield code="a">821.111(73)-31&quot;19&quot;</marc:subfield>
        </marc:datafield>
        <marc:datafield tag="100" ind1="1" ind2=" ">
            <marc:subfield code="a">Bradbury, Ray</marc:subfield>
            <marc:subfield code="d">1920-2012</marc:subfield>
            <marc:subfield code="0">XX1641453</marc:subfield>
        </marc:datafield>
        <marc:datafield tag="240" ind1="1" ind2="0">
            <marc:subfield code="a">Let's all kill Constance</marc:subfield>
            <marc:subfield code="l">Español</marc:subfield>
        </marc:datafield>
        <marc:datafield tag="245" ind1="1" ind2="0">
            <marc:subfield code="a">Matemos todos a Constance</marc:subfield>
            <marc:subfield code="h">[Texto impreso]</marc:subfield>
            <marc:subfield code="c">Ray Bradbury ; [traducción de Marcial Souto]</marc:subfield>
        </marc:datafield>
        <marc:datafield tag="250" ind1=" " ind2=" ">
            <marc:subfield code="a">1ª ed.</marc:subfield>
        </marc:datafield>
        <marc:datafield tag="260" ind1=" " ind2=" ">
            <marc:subfield code="a">Barcelona</marc:subfield>
            <marc:subfield code="b">Minotauro</marc:subfield>
            <marc:subfield code="c">2004</marc:subfield>
        </marc:datafield>
        <marc:datafield tag="300" ind1=" " ind2=" ">
            <marc:subfield code="a">186 p.</marc:subfield>
            <marc:subfield code="c">23 cm</marc:subfield>
        </marc:datafield>
        <marc:datafield tag="594" ind1=" " ind2=" ">
            <marc:subfield code="a">Traducción de: Let's all kill Constance</marc:subfield>
        </marc:datafield>
        <marc:datafield tag="926" ind1=" " ind2=" ">
            <marc:subfield code="a">BNALCALA</marc:subfield>
            <marc:subfield code="b">CONSERVACI</marc:subfield>
            <marc:subfield code="c">DL/1299488</marc:subfield>
            <marc:subfield code="d">NO_PRESTA</marc:subfield>
            <marc:subfield code="f">1</marc:subfield>
        </marc:datafield>
        <marc:datafield tag="926" ind1=" " ind2=" ">
            <marc:subfield code="a">BNALCALA</marc:subfield>
            <marc:subfield code="b">SG_PETANTI</marc:subfield>
            <marc:subfield code="c">12/236942</marc:subfield>
            <marc:subfield code="d">FONDO_MODE</marc:subfield>
            <marc:subfield code="f">1</marc:subfield>
        </marc:datafield>
        <marc:datafield tag="926" ind1=" " ind2=" ">
            <marc:subfield code="a">BNALCALA</marc:subfield>
            <marc:subfield code="b">SG_PETANTI</marc:subfield>
            <marc:subfield code="c">AHMO/68690</marc:subfield>
            <marc:subfield code="d">FONDO_MODE</marc:subfield>
            <marc:subfield code="f">1</marc:subfield>
        </marc:datafield>
        <marc:datafield tag="956" ind1=" " ind2=" ">
            <marc:subfield code="a">2</marc:subfield>
        </marc:datafield>
        <marc:datafield tag="980" ind1=" " ind2=" ">
            <marc:subfield code=".">017.   </marc:subfield>
            <marc:subfield code="a">B 12470-2004</marc:subfield>
            <marc:subfield code=".">020.   </marc:subfield>
            <marc:subfield code="a">84-450-7497-0</marc:subfield>
            <marc:subfield code=".">852. 40</marc:subfield>
            <marc:subfield code="a">SpMaBN</marc:subfield>
            <marc:subfield code="b">BNALCALA</marc:subfield>
            <marc:subfield code="9">MO04316637</marc:subfield>
            <marc:subfield code="j">DL/1299488</marc:subfield>
            <marc:subfield code="c">CONSERVACI</marc:subfield>
        </marc:datafield>
        <marc:datafield tag="980" ind1=" " ind2=" ">
            <marc:subfield code=".">017.   </marc:subfield>
            <marc:subfield code="a">B 12470-2004</marc:subfield>
            <marc:subfield code=".">020.   </marc:subfield>
            <marc:subfield code="a">84-450-7497-0</marc:subfield>
            <marc:subfield code=".">852. 40</marc:subfield>
            <marc:subfield code="a">SpMaBN</marc:subfield>
            <marc:subfield code="b">BNALCALA</marc:subfield>
            <marc:subfield code="9">MO04319210</marc:subfield>
            <marc:subfield code="j">12/236942</marc:subfield>
            <marc:subfield code="c">SG_PETANTI</marc:subfield>
        </marc:datafield>
        <marc:datafield tag="980" ind1=" " ind2=" ">
            <marc:subfield code=".">017.   </marc:subfield>
            <marc:subfield code="a">B 12470-2004</marc:subfield>
            <marc:subfield code=".">020.   </marc:subfield>
            <marc:subfield code="a">84-450-7497-0</marc:subfield>
            <marc:subfield code=".">852. 40</marc:subfield>
            <marc:subfield code="a">SpMaBN</marc:subfield>
            <marc:subfield code="b">BNALCALA</marc:subfield>
            <marc:subfield code="c">SG_PETANTI</marc:subfield>
            <marc:subfield code="9">MO04320364</marc:subfield>
            <marc:subfield code="j">AHMO/68690</marc:subfield>
        </marc:datafield>
        <marc:datafield tag="994" ind1=" " ind2=" ">
            <marc:subfield code="a">MONOMODERN</marc:subfield>
        </marc:datafield>
    </marc:record>