
    <marc:record>
        <marc:leader>02510nam a2200493   4500</marc:leader>
        <marc:controlfield tag="001">bimo0001895865</marc:controlfield>
        <marc:controlfield tag="003">SpMaBN</marc:controlfield>
        <marc:controlfield tag="005">20200515020241.6</marc:controlfield>
        <marc:controlfield tag="008">031111r20032002sp |          ||| ||spa  </marc:controlfield>
        <marc:datafield tag="016" ind1="7" ind2=" ">
            <marc:subfield code="a">bimoBNE20030961556</marc:subfield>
            <marc:subfield code="2">SpMaBN</marc:subfield>
        </marc:datafield>
        <marc:datafield tag="017" ind1=" " ind2=" ">
            <marc:subfield code="a">B 27123-2003</marc:subfield>
            <marc:subfield code="b">Oficina Depósito Legal Barcelona</marc:subfield>
        </marc:datafield>
        <marc:datafield tag="020" ind1=" " ind2=" ">
            <marc:subfield code="a">84-450-7385-0</marc:subfield>
        </marc:datafield>
        <marc:datafield tag="035" ind1=" " ind2=" ">
            <marc:subfield code="a">(OCoLC)433307484</marc:subfield>
        </marc:datafield>
        <marc:datafield tag="040" ind1=" " ind2=" ">
            <marc:subfield code="a">SpMaBN</marc:subfield>
            <marc:subfield code="b">spa</marc:subfield>
            <marc:subfield code="c">SpMaBN</marc:subfield>
            <marc:subfield code="e">rdc</marc:subfield>
        </marc:datafield>
        <marc:datafield tag="041" ind1="1" ind2=" ">
            <marc:subfield code="a">spa</marc:subfield>
            <marc:subfield code="h">eng</marc:subfield>
        </marc:datafield>
        <marc:datafield tag="080" ind1=" " ind2=" ">
            <marc:subfield code="a">821.111(73)-32&quot;19&quot;</marc:subfield>
        </marc:datafield>
        <marc:datafield tag="100" ind1="1" ind2=" ">
            <marc:subfield code="a">Bradbury, Ray</marc:subfield>
            <marc:subfield code="d">1920-2012</marc:subfield>
            <marc:subfield code="0">XX1641453</marc:subfield>
        </marc:datafield>
        <marc:datafield tag="240" ind1="1" ind2="4">
            <marc:subfield code="a">The martian chronicles</marc:subfield>
            <marc:subfield code="l">Español</marc:subfield>
        </marc:datafield>
        <marc:datafield tag="245" ind1="1" ind2="0">
            <marc:subfield code="a">Crónicas marcianas</marc:subfield>
            <marc:subfield code="h">[Texto impreso]</marc:subfield>
            <marc:subfield code="c">Ray Bradbury ; prólogo de Jorge Luis Borges ; [traducción de Francisco Abelenda]</marc:subfield>
        </marc:datafield>
        <marc:datafield tag="250" ind1=" " ind2=" ">
            <marc:subfield code="a">1ª ed. en bolsillo, 2ª reimp.</marc:subfield>
        </marc:datafield>
        <marc:datafield tag="260" ind1=" " ind2=" ">
            <marc:subfield code="a">Barcelona</marc:subfield>
            <marc:subfield code="b">Booket</marc:subfield>
            <marc:subfield code="c">2003</marc:subfield>
        </marc:datafield>
        <marc:datafield tag="300" ind1=" " ind2=" ">
            <marc:subfield code="a">262 p.</marc:subfield>
            <marc:subfield code="c">18 cm</marc:subfield>
        </marc:datafield>
        <marc:datafield tag="490" ind1="1" ind2=" ">
            <marc:subfield code="a">Autores</marc:subfield>
            <marc:subfield code="v">20</marc:subfield>
        </marc:datafield>
        <marc:datafield tag="590" ind1=" " ind2=" ">
            <marc:subfield code="a">En la portada: Minotauro</marc:subfield>
        </marc:datafield>
        <marc:datafield tag="594" ind1=" " ind2=" ">
            <marc:subfield code="a">Traducción de: The martian chronicles</marc:subfield>
        </marc:datafield>
        <marc:datafield tag="830" ind1=" " ind2="0">
            <marc:subfield code="a">Autores (Booket (Editorial))</marc:subfield>
            <marc:subfield code="v">20</marc:subfield>
        </marc:datafield>
        <marc:datafield tag="926" ind1=" " ind2=" ">
            <marc:subfield code="a">BNALCALA</marc:subfield>
            <marc:subfield code="b">CONSERVACI</marc:subfield>
            <marc:subfield code="c">DL/1248731</marc:subfield>
            <marc:subfield code="d">NO_PRESTA</marc:subfield>
            <marc:subfield code="f">1</marc:subfield>
        </marc:datafield>
        <marc:datafield tag="926" ind1=" " ind2=" ">
            <marc:subfield code="a">BNALCALA</marc:subfield>
            <marc:subfield code="b">CONSERVACI</marc:subfield>
            <marc:subfield code="c">DL/1411617</marc:subfield>
            <marc:subfield code="d">NO_PRESTA</marc:subfield>
            <marc:subfield code="f">1</marc:subfield>
        </marc:datafield>
        <marc:datafield tag="926" ind1=" " ind2=" ">
            <marc:subfield code="a">BNALCALA</marc:subfield>
            <marc:subfield code="b">CONSERVACI</marc:subfield>
            <marc:subfield code="c">DL/1457089</marc:subfield>
            <marc:subfield code="d">NO_PRESTA</marc:subfield>
            <marc:subfield code="f">1</marc:subfield>
        </marc:datafield>
        <marc:datafield tag="926" ind1=" " ind2=" ">
            <marc:subfield code="a">BNALCALA</marc:subfield>
            <marc:subfield code="b">SG_PETANTI</marc:subfield>
            <marc:subfield code="c">12/203073</marc:subfield>
            <marc:subfield code="d">FONDO_MODE</marc:subfield>
            <marc:subfield code="f">1</marc:subfield>
        </marc:datafield>
        <marc:datafield tag="926" ind1=" " ind2=" ">
            <marc:subfield code="a">BNALCALA</marc:subfield>
            <marc:subfield code="b">SG_PETANTI</marc:subfield>
            <marc:subfield code="c">AHM/829282</marc:subfield>
            <marc:subfield code="d">FONDO_MODE</marc:subfield>
            <marc:subfield code="f">1</marc:subfield>
        </marc:datafield>
        <marc:datafield tag="926" ind1=" " ind2=" ">
            <marc:subfield code="a">BNALCALA</marc:subfield>
            <marc:subfield code="b">SG_PETANTI</marc:subfield>
            <marc:subfield code="c">AHMO/146852</marc:subfield>
            <marc:subfield code="d">FONDO_MODE</marc:subfield>
            <marc:subfield code="f">1</marc:subfield>
        </marc:datafield>
        <marc:datafield tag="926" ind1=" " ind2=" ">
            <marc:subfield code="a">BNALCALA</marc:subfield>
            <marc:subfield code="b">SG_PETANTI</marc:subfield>
            <marc:subfield code="c">AHMO/183783</marc:subfield>
            <marc:subfield code="d">FONDO_MODE</marc:subfield>
            <marc:subfield code="f">1</marc:subfield>
        </marc:datafield>
        <marc:datafield tag="926" ind1=" " ind2=" ">
            <marc:subfield code="a">BNALCALA</marc:subfield>
            <marc:subfield code="b">SG_PETANTI</marc:subfield>
            <marc:subfield code="c">AHMO/38638</marc:subfield>
            <marc:subfield code="d">FONDO_MODE</marc:subfield>
            <marc:subfield code="f">1</marc:subfield>
        </marc:datafield>
        <marc:datafield tag="956" ind1=" " ind2=" ">
            <marc:subfield code="a">2</marc:subfield>
        </marc:datafield>
        <marc:datafield tag="980" ind1=" " ind2=" ">
            <marc:subfield code=".">017.   </marc:subfield>
            <marc:subfield code="a">B 24401-2005</marc:subfield>
            <marc:subfield code=".">020.   </marc:subfield>
            <marc:subfield code="a">84-450-7385-0</marc:subfield>
            <marc:subfield code=".">852. 40</marc:subfield>
            <marc:subfield code="a">SpMaBN</marc:subfield>
            <marc:subfield code="b">BNALCALA</marc:subfield>
            <marc:subfield code="9">MO04718394</marc:subfield>
            <marc:subfield code="j">AHM/829282</marc:subfield>
            <marc:subfield code="c">SG_PETANTI</marc:subfield>
        </marc:datafield>
        <marc:datafield tag="980" ind1=" " ind2=" ">
            <marc:subfield code=".">017.   </marc:subfield>
            <marc:subfield code="a">B 24401-2005</marc:subfield>
            <marc:subfield code=".">020.   </marc:subfield>
            <marc:subfield code="a">84-450-7385-0</marc:subfield>
            <marc:subfield code=".">852. 40</marc:subfield>
            <marc:subfield code="a">SpMaBN</marc:subfield>
            <marc:subfield code="b">BNALCALA</marc:subfield>
            <marc:subfield code="9">MO04719729</marc:subfield>
            <marc:subfield code="j">DL/1411617</marc:subfield>
            <marc:subfield code="c">CONSERVACI</marc:subfield>
        </marc:datafield>
        <marc:datafield tag="980" ind1=" " ind2=" ">
            <marc:subfield code=".">017.   </marc:subfield>
            <marc:subfield code="a">B 24401-2005</marc:subfield>
            <marc:subfield code=".">020.   </marc:subfield>
            <marc:subfield code="a">84-450-7385-0</marc:subfield>
            <marc:subfield code=".">852. 40</marc:subfield>
            <marc:subfield code="a">SpMaBN</marc:subfield>
            <marc:subfield code="b">BNALCALA</marc:subfield>
            <marc:subfield code="c">SG_PETANTI</marc:subfield>
            <marc:subfield code="9">MO04720984</marc:subfield>
            <marc:subfield code="j">AHMO/146852</marc:subfield>
        </marc:datafield>
        <marc:datafield tag="980" ind1=" " ind2=" ">
            <marc:subfield code=".">017.   </marc:subfield>
            <marc:subfield code="a">B 27123-2003</marc:subfield>
            <marc:subfield code=".">020.   </marc:subfield>
            <marc:subfield code="a">84-450-7385-0</marc:subfield>
            <marc:subfield code=".">852. 40</marc:subfield>
            <marc:subfield code="a">SpMaBN</marc:subfield>
            <marc:subfield code="b">BNALCALA</marc:subfield>
            <marc:subfield code="9">MO04169325</marc:subfield>
            <marc:subfield code="j">DL/1248731</marc:subfield>
            <marc:subfield code="c">CONSERVACI</marc:subfield>
        </marc:datafield>
        <marc:datafield tag="980" ind1=" " ind2=" ">
            <marc:subfield code=".">017.   </marc:subfield>
            <marc:subfield code="a">B 27123-2003</marc:subfield>
            <marc:subfield code=".">020.   </marc:subfield>
            <marc:subfield code="a">84-450-7385-0</marc:subfield>
            <marc:subfield code=".">852. 40</marc:subfield>
            <marc:subfield code="a">SpMaBN</marc:subfield>
            <marc:subfield code="b">BNALCALA</marc:subfield>
            <marc:subfield code="9">MO04174423</marc:subfield>
            <marc:subfield code="j">12/203073</marc:subfield>
            <marc:subfield code="c">SG_PETANTI</marc:subfield>
        </marc:datafield>
        <marc:datafield tag="980" ind1=" " ind2=" ">
            <marc:subfield code=".">017.   </marc:subfield>
            <marc:subfield code="a">B 27123-2003</marc:subfield>
            <marc:subfield code=".">020.   </marc:subfield>
            <marc:subfield code="a">84-450-7385-0</marc:subfield>
            <marc:subfield code=".">852. 40</marc:subfield>
            <marc:subfield code="a">SpMaBN</marc:subfield>
            <marc:subfield code="b">BNALCALA</marc:subfield>
            <marc:subfield code="c">SG_PETANTI</marc:subfield>
            <marc:subfield code="9">MO04169376</marc:subfield>
            <marc:subfield code="j">AHMO/38638</marc:subfield>
        </marc:datafield>
        <marc:datafield tag="980" ind1=" " ind2=" ">
            <marc:subfield code=".">017.   </marc:subfield>
            <marc:subfield code="a">B 44357-2005</marc:subfield>
            <marc:subfield code=".">020.   </marc:subfield>
            <marc:subfield code="a">84-450-7385-0</marc:subfield>
            <marc:subfield code=".">852. 40</marc:subfield>
            <marc:subfield code="a">SpMaBN</marc:subfield>
            <marc:subfield code="b">BNALCALA</marc:subfield>
            <marc:subfield code="9">MO04847558</marc:subfield>
            <marc:subfield code="j">DL/1457089</marc:subfield>
            <marc:subfield code="c">CONSERVACI</marc:subfield>
        </marc:datafield>
        <marc:datafield tag="980" ind1=" " ind2=" ">
            <marc:subfield code=".">017.   </marc:subfield>
            <marc:subfield code="a">B 44357-2005</marc:subfield>
            <marc:subfield code=".">020.   </marc:subfield>
            <marc:subfield code="a">84-450-7385-0</marc:subfield>
            <marc:subfield code=".">852. 40</marc:subfield>
            <marc:subfield code="a">SpMaBN</marc:subfield>
            <marc:subfield code="b">BNALCALA</marc:subfield>
            <marc:subfield code="c">SG_PETANTI</marc:subfield>
            <marc:subfield code="9">MO04851221</marc:subfield>
            <marc:subfield code="j">AHMO/183783</marc:subfield>
        </marc:datafield>
        <marc:datafield tag="994" ind1=" " ind2=" ">
            <marc:subfield code="a">MONOMODERN</marc:subfield>
        </marc:datafield>
    </marc:record>