
    <marc:record>
        <marc:leader>01744cgm a2200445   4500</marc:leader>
        <marc:controlfield tag="001">bivi0000015364</marc:controlfield>
        <marc:controlfield tag="003">SpMaBN</marc:controlfield>
        <marc:controlfield tag="005">20220212011617.7</marc:controlfield>
        <marc:controlfield tag="007">vf cbahos</marc:controlfield>
        <marc:controlfield tag="008">010621s2000    sp 112 g         1vlspa  </marc:controlfield>
        <marc:datafield tag="015" ind1=" " ind2=" ">
            <marc:subfield code="a">VD00</marc:subfield>
        </marc:datafield>
        <marc:datafield tag="016" ind1="7" ind2=" ">
            <marc:subfield code="a">biviBNE20010022015</marc:subfield>
            <marc:subfield code="2">SpMaBN</marc:subfield>
        </marc:datafield>
        <marc:datafield tag="017" ind1=" " ind2=" ">
            <marc:subfield code="a">M 29368-2000</marc:subfield>
            <marc:subfield code="b">Oficina Depósito Legal Madrid</marc:subfield>
        </marc:datafield>
        <marc:datafield tag="035" ind1=" " ind2=" ">
            <marc:subfield code="a">(OCoLC)434706973</marc:subfield>
        </marc:datafield>
        <marc:datafield tag="040" ind1=" " ind2=" ">
            <marc:subfield code="a">SpMaBN</marc:subfield>
            <marc:subfield code="b">spa</marc:subfield>
            <marc:subfield code="c">SpMaBN</marc:subfield>
            <marc:subfield code="e">rdc</marc:subfield>
        </marc:datafield>
        <marc:datafield tag="041" ind1="1" ind2=" ">
            <marc:subfield code="a">spa</marc:subfield>
            <marc:subfield code="h">eng</marc:subfield>
        </marc:datafield>
        <marc:datafield tag="084" ind1=" " ind2=" ">
            <marc:subfield code="a">1</marc:subfield>
            <marc:subfield code="2">VD</marc:subfield>
        </marc:datafield>
        <marc:datafield tag="245" ind1="0" ind2="0">
            <marc:subfield code="a">Fahrenheit 451</marc:subfield>
            <marc:subfield code="h">[Videograbación]</marc:subfield>
            <marc:subfield code="c">dirigida por FranÇois Truffaut ; producida por Lewis M. Allen ; guión de François Truffaut y Jean-Louis Richard</marc:subfield>
        </marc:datafield>
        <marc:datafield tag="260" ind1=" " ind2=" ">
            <marc:subfield code="a">[Madrid]</marc:subfield>
            <marc:subfield code="b">Universal Studios</marc:subfield>
            <marc:subfield code="c">D.L. 2000</marc:subfield>
        </marc:datafield>
        <marc:datafield tag="300" ind1=" " ind2=" ">
            <marc:subfield code="a">1 videocasete (VHS) (ca. 112 min)</marc:subfield>
        </marc:datafield>
        <marc:datafield tag="490" ind1="1" ind2=" ">
            <marc:subfield code="a">El siglo XX a través del cine: las cien películas de nuestra vida</marc:subfield>
            <marc:subfield code="v">94.</marc:subfield>
            <marc:subfield code="a">Retos para una sociedad nueva</marc:subfield>
        </marc:datafield>
        <marc:datafield tag="500" ind1=" " ind2=" ">
            <marc:subfield code="a">Basada en la novela de Ray Bradbury</marc:subfield>
        </marc:datafield>
        <marc:datafield tag="511" ind1="1" ind2=" ">
            <marc:subfield code="a">Julie Christie, Oskar Werner, Cyril Cusack</marc:subfield>
        </marc:datafield>
        <marc:datafield tag="521" ind1=" " ind2=" ">
            <marc:subfield code="a">Autorizada para todos los públicos</marc:subfield>
        </marc:datafield>
        <marc:datafield tag="546" ind1=" " ind2=" ">
            <marc:subfield code="a">Doblada en español</marc:subfield>
        </marc:datafield>
        <marc:datafield tag="596" ind1=" " ind2=" ">
            <marc:subfield code="a">Disponible con la compra del diario El Mundo</marc:subfield>
        </marc:datafield>
        <marc:datafield tag="700" ind1="1" ind2=" ">
            <marc:subfield code="a">Allen, Lewis M.</marc:subfield>
            <marc:subfield code="d">1922-2003</marc:subfield>
        </marc:datafield>
        <marc:datafield tag="700" ind1="1" ind2=" ">
            <marc:subfield code="a">Bradbury, Ray</marc:subfield>
            <marc:subfield code="d">1920-2012</marc:subfield>
            <marc:subfield code="t">Fahrenheit 451</marc:subfield>
        </marc:datafield>
        <marc:datafield tag="700" ind1="1" ind2=" ">
            <marc:subfield code="a">Christie, Julie</marc:subfield>
            <marc:subfield code="d">1941-</marc:subfield>
        </marc:datafield>
        <marc:datafield tag="700" ind1="1" ind2=" ">
            <marc:subfield code="a">Cusack, Cyril</marc:subfield>
            <marc:subfield code="d">1910-1993</marc:subfield>
        </marc:datafield>
        <marc:datafield tag="700" ind1="1" ind2=" ">
            <marc:subfield code="a">Richard, Jean-Louis</marc:subfield>
            <marc:subfield code="d">1927-2012</marc:subfield>
        </marc:datafield>
        <marc:datafield tag="700" ind1="1" ind2=" ">
            <marc:subfield code="a">Truffaut, François</marc:subfield>
            <marc:subfield code="d">1932-1984</marc:subfield>
        </marc:datafield>
        <marc:datafield tag="700" ind1="1" ind2=" ">
            <marc:subfield code="a">Werner, Oskar</marc:subfield>
            <marc:subfield code="d">1922-1984</marc:subfield>
        </marc:datafield>
        <marc:datafield tag="830" ind1=" " ind2="3">
            <marc:subfield code="a">El siglo XX a través del cine</marc:subfield>
            <marc:subfield code="v">94</marc:subfield>
        </marc:datafield>
        <marc:datafield tag="830" ind1=" " ind2="3">
            <marc:subfield code="a">El siglo XX a través del cine.</marc:subfield>
            <marc:subfield code="p">Retos para una sociedad nueva</marc:subfield>
        </marc:datafield>
        <marc:datafield tag="899" ind1=" " ind2=" ">
            <marc:subfield code="j">VD/49865</marc:subfield>
        </marc:datafield>
        <marc:datafield tag="926" ind1=" " ind2=" ">
            <marc:subfield code="a">BNMADRID</marc:subfield>
            <marc:subfield code="b">SALA_BARBI</marc:subfield>
            <marc:subfield code="c">VD/49865</marc:subfield>
            <marc:subfield code="d">MAT_ESPECI</marc:subfield>
            <marc:subfield code="f">1</marc:subfield>
        </marc:datafield>
        <marc:datafield tag="956" ind1=" " ind2=" ">
            <marc:subfield code="a">1</marc:subfield>
        </marc:datafield>
        <marc:datafield tag="980" ind1=" " ind2=" ">
            <marc:subfield code=".">017.   </marc:subfield>
            <marc:subfield code="a">M 29368-2000</marc:subfield>
            <marc:subfield code=".">852. 40</marc:subfield>
            <marc:subfield code="a">SpMaBN</marc:subfield>
            <marc:subfield code="b">BNMADRID</marc:subfield>
            <marc:subfield code="9">VI00042709</marc:subfield>
            <marc:subfield code="j">VD/49865</marc:subfield>
            <marc:subfield code="c">SALA_BARBI</marc:subfield>
        </marc:datafield>
        <marc:datafield tag="994" ind1=" " ind2=" ">
            <marc:subfield code="a">VIDEO</marc:subfield>
        </marc:datafield>
    </marc:record>