
    <marc:record>
        <marc:leader>02335ngm a2200505   4500</marc:leader>
        <marc:controlfield tag="001">bivi0000020236</marc:controlfield>
        <marc:controlfield tag="003">SpMaBN</marc:controlfield>
        <marc:controlfield tag="005">20211005011558.3</marc:controlfield>
        <marc:controlfield tag="007">vf*cbahou</marc:controlfield>
        <marc:controlfield tag="008">060316s1989    sp 092 g          1 spa  </marc:controlfield>
        <marc:datafield tag="015" ind1=" " ind2=" ">
            <marc:subfield code="a">VD89</marc:subfield>
        </marc:datafield>
        <marc:datafield tag="016" ind1="7" ind2=" ">
            <marc:subfield code="a">biviBNE20060059206</marc:subfield>
            <marc:subfield code="2">SpMaBN</marc:subfield>
        </marc:datafield>
        <marc:datafield tag="017" ind1=" " ind2=" ">
            <marc:subfield code="a">M 25063-1989</marc:subfield>
            <marc:subfield code="b">Oficina Depósito Legal Madrid</marc:subfield>
        </marc:datafield>
        <marc:datafield tag="028" ind1="4" ind2="0">
            <marc:subfield code="a">1138-89</marc:subfield>
            <marc:subfield code="b">Walt Disney Home Video Filmayer Video</marc:subfield>
        </marc:datafield>
        <marc:datafield tag="028" ind1="4" ind2="0">
            <marc:subfield code="a">166/71</marc:subfield>
            <marc:subfield code="b">Walt Disney Home Video Filmayer Video</marc:subfield>
        </marc:datafield>
        <marc:datafield tag="035" ind1=" " ind2=" ">
            <marc:subfield code="a">(OCoLC)434722775</marc:subfield>
        </marc:datafield>
        <marc:datafield tag="040" ind1=" " ind2=" ">
            <marc:subfield code="a">SpMaBN</marc:subfield>
            <marc:subfield code="b">spa</marc:subfield>
            <marc:subfield code="c">SpMaBN</marc:subfield>
            <marc:subfield code="e">rdc</marc:subfield>
            <marc:subfield code="d">SpMaBN</marc:subfield>
        </marc:datafield>
        <marc:datafield tag="041" ind1="1" ind2=" ">
            <marc:subfield code="a">spa</marc:subfield>
            <marc:subfield code="h">eng</marc:subfield>
        </marc:datafield>
        <marc:datafield tag="084" ind1=" " ind2=" ">
            <marc:subfield code="a">1</marc:subfield>
            <marc:subfield code="2">VD</marc:subfield>
        </marc:datafield>
        <marc:datafield tag="130" ind1="0" ind2=" ">
            <marc:subfield code="a">Something wicked this way comes</marc:subfield>
            <marc:subfield code="l">Español-Inglés</marc:subfield>
        </marc:datafield>
        <marc:datafield tag="245" ind1="1" ind2="3">
            <marc:subfield code="a">El carnaval de las tinieblas</marc:subfield>
            <marc:subfield code="h">[Videograbación] =</marc:subfield>
            <marc:subfield code="b">Something wicked this way comes</marc:subfield>
            <marc:subfield code="c">dirigida por Jack Clayton ; guión de Ray Bradbury ; música compuesta por James Horner</marc:subfield>
        </marc:datafield>
        <marc:datafield tag="260" ind1=" " ind2=" ">
            <marc:subfield code="a">[Madrid]</marc:subfield>
            <marc:subfield code="b">Walt Disney Home Video</marc:subfield>
            <marc:subfield code="b">distribuido por Filmayer Video</marc:subfield>
            <marc:subfield code="c">D.L. 1989</marc:subfield>
        </marc:datafield>
        <marc:datafield tag="300" ind1=" " ind2=" ">
            <marc:subfield code="a">1 videocasete (VHS) (92 min)</marc:subfield>
            <marc:subfield code="b">son., col.</marc:subfield>
        </marc:datafield>
        <marc:datafield tag="500" ind1=" " ind2=" ">
            <marc:subfield code="a">Galardonada en &quot;Saturn Awards&quot; (1984)</marc:subfield>
        </marc:datafield>
        <marc:datafield tag="500" ind1=" " ind2=" ">
            <marc:subfield code="a">Guión basado en la novela &quot;Something wicked this way comes&quot;, de Ray Bradbury</marc:subfield>
        </marc:datafield>
        <marc:datafield tag="511" ind1="1" ind2=" ">
            <marc:subfield code="a">Jason Robards, Jonathan Pryce, Pam Grier</marc:subfield>
        </marc:datafield>
        <marc:datafield tag="518" ind1=" " ind2=" ">
            <marc:subfield code="a">Realizada en 1983 en Estados Unidos</marc:subfield>
        </marc:datafield>
        <marc:datafield tag="520" ind1="3" ind2=" ">
            <marc:subfield code="a">El extraño señor Dark, propietario de un carnaval ambulante, plantea a los habitantes del pequeño pueblo de Green Town la siguiente pregunta: ¿Qué estaría usted dispuesto a pagar para ver cómo sus sueños se hacen realidad? Los personajes se verán atrapados por un secreto aterrador que cambiará el destino del pueblo para siempre</marc:subfield>
        </marc:datafield>
        <marc:datafield tag="521" ind1=" " ind2=" ">
            <marc:subfield code="a">Autorizada para todos los públicos</marc:subfield>
        </marc:datafield>
        <marc:datafield tag="546" ind1=" " ind2=" ">
            <marc:subfield code="a">Doblada en español</marc:subfield>
        </marc:datafield>
        <marc:datafield tag="597" ind1=" " ind2=" ">
            <marc:subfield code="a">Sonido Hi-Fi</marc:subfield>
        </marc:datafield>
        <marc:datafield tag="655" ind1=" " ind2="7">
            <marc:subfield code="a">Cine de suspense</marc:subfield>
            <marc:subfield code="2">tgfbne</marc:subfield>
        </marc:datafield>
        <marc:datafield tag="655" ind1=" " ind2="7">
            <marc:subfield code="a">Cine fantástico</marc:subfield>
            <marc:subfield code="2">tgfbne</marc:subfield>
        </marc:datafield>
        <marc:datafield tag="700" ind1="1" ind2=" ">
            <marc:subfield code="a">Bradbury, Ray</marc:subfield>
            <marc:subfield code="d">1920-2012</marc:subfield>
            <marc:subfield code="t">Something wicked this way comes</marc:subfield>
        </marc:datafield>
        <marc:datafield tag="700" ind1="1" ind2=" ">
            <marc:subfield code="a">Clayton, Jack</marc:subfield>
            <marc:subfield code="d">1921-1995</marc:subfield>
        </marc:datafield>
        <marc:datafield tag="700" ind1="1" ind2=" ">
            <marc:subfield code="a">Grier, Pam</marc:subfield>
            <marc:subfield code="d">1949-</marc:subfield>
        </marc:datafield>
        <marc:datafield tag="700" ind1="1" ind2=" ">
            <marc:subfield code="a">Horner, James</marc:subfield>
            <marc:subfield code="d">1953-2015</marc:subfield>
        </marc:datafield>
        <marc:datafield tag="700" ind1="1" ind2=" ">
            <marc:subfield code="a">Pryce, Jonathan</marc:subfield>
            <marc:subfield code="d">1947-</marc:subfield>
        </marc:datafield>
        <marc:datafield tag="700" ind1="1" ind2=" ">
            <marc:subfield code="a">Robards, Jason</marc:subfield>
            <marc:subfield code="d">1922-2000</marc:subfield>
        </marc:datafield>
        <marc:datafield tag="711" ind1="2" ind2=" ">
            <marc:subfield code="a">Saturn Awards</marc:subfield>
            <marc:subfield code="n">11º</marc:subfield>
            <marc:subfield code="d">1984</marc:subfield>
            <marc:subfield code="c">Los Ángeles, California</marc:subfield>
        </marc:datafield>
        <marc:datafield tag="899" ind1=" " ind2=" ">
            <marc:subfield code="j">VD/12195</marc:subfield>
        </marc:datafield>
        <marc:datafield tag="926" ind1=" " ind2=" ">
            <marc:subfield code="a">BNMADRID</marc:subfield>
            <marc:subfield code="b">SALA_BARBI</marc:subfield>
            <marc:subfield code="c">VD/12195</marc:subfield>
            <marc:subfield code="d">MAT_ESPECI</marc:subfield>
            <marc:subfield code="f">1</marc:subfield>
        </marc:datafield>
        <marc:datafield tag="956" ind1=" " ind2=" ">
            <marc:subfield code="a">1</marc:subfield>
        </marc:datafield>
        <marc:datafield tag="980" ind1=" " ind2=" ">
            <marc:subfield code=".">017.   </marc:subfield>
            <marc:subfield code="a">M 25063-1989</marc:subfield>
            <marc:subfield code=".">852. 40</marc:subfield>
            <marc:subfield code="a">SpMaBN</marc:subfield>
            <marc:subfield code="b">BNMADRID</marc:subfield>
            <marc:subfield code="9">VI00011824</marc:subfield>
            <marc:subfield code="j">VD/12195</marc:subfield>
            <marc:subfield code="c">SALA_BARBI</marc:subfield>
        </marc:datafield>
        <marc:datafield tag="994" ind1=" " ind2=" ">
            <marc:subfield code="a">VIDEO</marc:subfield>
        </marc:datafield>
    </marc:record>