
    <marc:record>
        <marc:leader>01299nam a2200349 i 4500</marc:leader>
        <marc:controlfield tag="001">bimo0000018353</marc:controlfield>
        <marc:controlfield tag="003">SpMaBN</marc:controlfield>
        <marc:controlfield tag="005">20200515011215.6</marc:controlfield>
        <marc:controlfield tag="008">880524r19871971sp                  spa  </marc:controlfield>
        <marc:datafield tag="015" ind1=" " ind2=" ">
            <marc:subfield code="a">1988-JUL-13705</marc:subfield>
        </marc:datafield>
        <marc:datafield tag="016" ind1="7" ind2=" ">
            <marc:subfield code="a">bimoBNE19910185497</marc:subfield>
            <marc:subfield code="z">SAB9000020950</marc:subfield>
            <marc:subfield code="2">SpMaBN</marc:subfield>
        </marc:datafield>
        <marc:datafield tag="017" ind1=" " ind2=" ">
            <marc:subfield code="a">B 22951-1987</marc:subfield>
            <marc:subfield code="b">Oficina Depósito Legal Barcelona</marc:subfield>
        </marc:datafield>
        <marc:datafield tag="020" ind1=" " ind2=" ">
            <marc:subfield code="a">84-264-3029-4</marc:subfield>
        </marc:datafield>
        <marc:datafield tag="035" ind1=" " ind2=" ">
            <marc:subfield code="a">(OCoLC)434832218</marc:subfield>
        </marc:datafield>
        <marc:datafield tag="040" ind1=" " ind2=" ">
            <marc:subfield code="a">SpMaBN</marc:subfield>
            <marc:subfield code="b">spa</marc:subfield>
            <marc:subfield code="c">SpMaBN</marc:subfield>
            <marc:subfield code="e">rdc</marc:subfield>
        </marc:datafield>
        <marc:datafield tag="080" ind1=" " ind2=" ">
            <marc:subfield code="a">087.5:82</marc:subfield>
        </marc:datafield>
        <marc:datafield tag="100" ind1="1" ind2=" ">
            <marc:subfield code="a">Bradbury, Ray</marc:subfield>
            <marc:subfield code="d">1920-2012</marc:subfield>
            <marc:subfield code="0">XX1641453</marc:subfield>
        </marc:datafield>
        <marc:datafield tag="240" ind1="1" ind2="0">
            <marc:subfield code="a">Cuentos del futuro</marc:subfield>
        </marc:datafield>
        <marc:datafield tag="245" ind1="1" ind2="0">
            <marc:subfield code="a">Cuentos del futuro</marc:subfield>
            <marc:subfield code="h">[Texto impreso]</marc:subfield>
            <marc:subfield code="c">Ray Bradbury ; dibujos de Wenceslao Masip</marc:subfield>
        </marc:datafield>
        <marc:datafield tag="250" ind1=" " ind2=" ">
            <marc:subfield code="a">[5ª ed.]</marc:subfield>
        </marc:datafield>
        <marc:datafield tag="260" ind1=" " ind2=" ">
            <marc:subfield code="a">Barcelona</marc:subfield>
            <marc:subfield code="b">Lumen</marc:subfield>
            <marc:subfield code="c">1987</marc:subfield>
        </marc:datafield>
        <marc:datafield tag="300" ind1=" " ind2=" ">
            <marc:subfield code="a">82 p.</marc:subfield>
            <marc:subfield code="b">il.</marc:subfield>
            <marc:subfield code="c">18 cm</marc:subfield>
        </marc:datafield>
        <marc:datafield tag="490" ind1="1" ind2=" ">
            <marc:subfield code="a">Grandes autores</marc:subfield>
            <marc:subfield code="v">29</marc:subfield>
        </marc:datafield>
        <marc:datafield tag="500" ind1=" " ind2=" ">
            <marc:subfield code="a">Reimp. de la 1ª ed., 1971</marc:subfield>
        </marc:datafield>
        <marc:datafield tag="700" ind1="1" ind2=" ">
            <marc:subfield code="a">Masip, Wenceslao</marc:subfield>
        </marc:datafield>
        <marc:datafield tag="830" ind1=" " ind2="0">
            <marc:subfield code="a">Grandes autores (Editorial Lumen)</marc:subfield>
            <marc:subfield code="v">29</marc:subfield>
        </marc:datafield>
        <marc:datafield tag="926" ind1=" " ind2=" ">
            <marc:subfield code="a">BNALCALA</marc:subfield>
            <marc:subfield code="b">CONSERVACI</marc:subfield>
            <marc:subfield code="c">DL/340530</marc:subfield>
            <marc:subfield code="d">NO_PRESTA</marc:subfield>
            <marc:subfield code="f">1</marc:subfield>
        </marc:datafield>
        <marc:datafield tag="926" ind1=" " ind2=" ">
            <marc:subfield code="a">BNALCALA</marc:subfield>
            <marc:subfield code="b">SG_PETANTI</marc:subfield>
            <marc:subfield code="c">J2/25144</marc:subfield>
            <marc:subfield code="d">FONDO_MODE</marc:subfield>
            <marc:subfield code="f">1</marc:subfield>
        </marc:datafield>
        <marc:datafield tag="956" ind1=" " ind2=" ">
            <marc:subfield code="a">2</marc:subfield>
        </marc:datafield>
        <marc:datafield tag="980" ind1=" " ind2=" ">
            <marc:subfield code=".">017.   </marc:subfield>
            <marc:subfield code="a">B 22951-1987</marc:subfield>
            <marc:subfield code=".">020.   </marc:subfield>
            <marc:subfield code="a">84-264-3029-4</marc:subfield>
            <marc:subfield code=".">852. 40</marc:subfield>
            <marc:subfield code="a">SpMaBN</marc:subfield>
            <marc:subfield code="b">BNALCALA</marc:subfield>
            <marc:subfield code="9">MO01469304</marc:subfield>
            <marc:subfield code="j">J2/25144</marc:subfield>
            <marc:subfield code="c">SG_PETANTI</marc:subfield>
        </marc:datafield>
        <marc:datafield tag="980" ind1=" " ind2=" ">
            <marc:subfield code=".">017.   </marc:subfield>
            <marc:subfield code="a">B 22951-1987</marc:subfield>
            <marc:subfield code=".">020.   </marc:subfield>
            <marc:subfield code="a">84-264-3029-4</marc:subfield>
            <marc:subfield code=".">852. 40</marc:subfield>
            <marc:subfield code="a">SpMaBN</marc:subfield>
            <marc:subfield code="b">BNALCALA</marc:subfield>
            <marc:subfield code="9">MO01469305</marc:subfield>
            <marc:subfield code="j">DL/340530</marc:subfield>
            <marc:subfield code="c">CONSERVACI</marc:subfield>
        </marc:datafield>
        <marc:datafield tag="994" ind1=" " ind2=" ">
            <marc:subfield code="a">MONOMODERN</marc:subfield>
        </marc:datafield>
    </marc:record>