
    <marc:record>
        <marc:leader>01864ngm a22004211i 4500</marc:leader>
        <marc:controlfield tag="001">bivi0000023680</marc:controlfield>
        <marc:controlfield tag="003">SpMaBN</marc:controlfield>
        <marc:controlfield tag="005">20181002170811.3</marc:controlfield>
        <marc:controlfield tag="007">vf cbahou</marc:controlfield>
        <marc:controlfield tag="008">901001s1987    sp     g       0 11 spa  </marc:controlfield>
        <marc:datafield tag="016" ind1="7" ind2=" ">
            <marc:subfield code="a">biviBNE19960023892</marc:subfield>
            <marc:subfield code="z">BN506657</marc:subfield>
            <marc:subfield code="2">SpMaBN</marc:subfield>
        </marc:datafield>
        <marc:datafield tag="017" ind1=" " ind2=" ">
            <marc:subfield code="a">M 30503-1987</marc:subfield>
            <marc:subfield code="b">Oficina Depósito Legal Madrid</marc:subfield>
        </marc:datafield>
        <marc:datafield tag="028" ind1="4" ind2="0">
            <marc:subfield code="a">UV 870533</marc:subfield>
            <marc:subfield code="b">CIC Video</marc:subfield>
        </marc:datafield>
        <marc:datafield tag="035" ind1=" " ind2=" ">
            <marc:subfield code="a">(OCoLC)434730979</marc:subfield>
        </marc:datafield>
        <marc:datafield tag="040" ind1=" " ind2=" ">
            <marc:subfield code="a">SpMaBN</marc:subfield>
            <marc:subfield code="b">spa</marc:subfield>
            <marc:subfield code="c">A2</marc:subfield>
        </marc:datafield>
        <marc:datafield tag="130" ind1="0" ind2=" ">
            <marc:subfield code="a">Fahrenheit 451 (François Truffaut)</marc:subfield>
            <marc:subfield code="l">Español</marc:subfield>
        </marc:datafield>
        <marc:datafield tag="245" ind1="1" ind2="0">
            <marc:subfield code="a">Fahrenheit 451</marc:subfield>
            <marc:subfield code="h">[Videograbación]</marc:subfield>
            <marc:subfield code="c">directed by François Truffaut ; produced by Lewis M. Allen ; screenplay by François Truffaut and Jean-Louis Richard</marc:subfield>
        </marc:datafield>
        <marc:datafield tag="260" ind1=" " ind2=" ">
            <marc:subfield code="a">Madrid</marc:subfield>
            <marc:subfield code="b">CIC-RCA/Columbia Pictures Video</marc:subfield>
            <marc:subfield code="c">D.L. 1987</marc:subfield>
        </marc:datafield>
        <marc:datafield tag="300" ind1=" " ind2=" ">
            <marc:subfield code="a">1 videocasete (VHS) (112 min)</marc:subfield>
            <marc:subfield code="b">son., col.</marc:subfield>
        </marc:datafield>
        <marc:datafield tag="500" ind1=" " ind2=" ">
            <marc:subfield code="a">Basada en la novela homónima de Ray Bradbury</marc:subfield>
        </marc:datafield>
        <marc:datafield tag="500" ind1=" " ind2=" ">
            <marc:subfield code="a">Cine europeo Reino Unido</marc:subfield>
        </marc:datafield>
        <marc:datafield tag="500" ind1=" " ind2=" ">
            <marc:subfield code="a">Película de ciencia-ficción realizada en 1966</marc:subfield>
        </marc:datafield>
        <marc:datafield tag="511" ind1="1" ind2=" ">
            <marc:subfield code="a">Julie Christie, Oskar Werner, Cyril Cusack</marc:subfield>
        </marc:datafield>
        <marc:datafield tag="520" ind1="3" ind2=" ">
            <marc:subfield code="a">En un mundo controlado donde la individualidad y la creatividad han desaparecido en favor de la seguridad y la comodidad, los libros están prohibidos y deben ser quemados o se corre el riesgo de convertirse en fugitivo de la ley</marc:subfield>
        </marc:datafield>
        <marc:datafield tag="521" ind1=" " ind2=" ">
            <marc:subfield code="a">Autorizada para todos los públicos</marc:subfield>
        </marc:datafield>
        <marc:datafield tag="546" ind1=" " ind2=" ">
            <marc:subfield code="a">Doblada en español</marc:subfield>
        </marc:datafield>
        <marc:datafield tag="700" ind1="1" ind2=" ">
            <marc:subfield code="a">Allen, Lewis M.</marc:subfield>
            <marc:subfield code="d">1922-2003</marc:subfield>
        </marc:datafield>
        <marc:datafield tag="700" ind1="1" ind2=" ">
            <marc:subfield code="a">Christie, Julie</marc:subfield>
            <marc:subfield code="d">1941-</marc:subfield>
        </marc:datafield>
        <marc:datafield tag="700" ind1="1" ind2=" ">
            <marc:subfield code="a">Cusack, Cyril</marc:subfield>
            <marc:subfield code="d">1910-1993</marc:subfield>
        </marc:datafield>
        <marc:datafield tag="700" ind1="1" ind2=" ">
            <marc:subfield code="a">Richard, Jean-Louis</marc:subfield>
            <marc:subfield code="d">1927-2012</marc:subfield>
        </marc:datafield>
        <marc:datafield tag="700" ind1="1" ind2=" ">
            <marc:subfield code="a">Truffaut, François</marc:subfield>
            <marc:subfield code="d">1932-1984</marc:subfield>
        </marc:datafield>
        <marc:datafield tag="700" ind1="1" ind2=" ">
            <marc:subfield code="a">Werner, Oskar</marc:subfield>
            <marc:subfield code="d">1922-1984</marc:subfield>
        </marc:datafield>
        <marc:datafield tag="700" ind1="1" ind2="2">
            <marc:subfield code="a">Bradbury, Ray</marc:subfield>
            <marc:subfield code="d">1920-2012</marc:subfield>
            <marc:subfield code="t">Fahrenheit 451</marc:subfield>
        </marc:datafield>
        <marc:datafield tag="899" ind1=" " ind2=" ">
            <marc:subfield code="j">VD/7126</marc:subfield>
            <marc:subfield code="x">MEMNON_2018_2019</marc:subfield>
        </marc:datafield>
        <marc:datafield tag="926" ind1=" " ind2=" ">
            <marc:subfield code="a">BNALCALA</marc:subfield>
            <marc:subfield code="b">BARBI_ANTI</marc:subfield>
            <marc:subfield code="c">VD/7126</marc:subfield>
            <marc:subfield code="d">MAT_ESPECI</marc:subfield>
            <marc:subfield code="f">1</marc:subfield>
        </marc:datafield>
        <marc:datafield tag="956" ind1=" " ind2=" ">
            <marc:subfield code="a">2</marc:subfield>
        </marc:datafield>
        <marc:datafield tag="980" ind1=" " ind2=" ">
            <marc:subfield code=".">017.   </marc:subfield>
            <marc:subfield code="a">M 30503-1987</marc:subfield>
            <marc:subfield code=".">852. 40</marc:subfield>
            <marc:subfield code="a">SpMaBN</marc:subfield>
            <marc:subfield code="b">BNALCALA</marc:subfield>
            <marc:subfield code="9">VI00007076</marc:subfield>
            <marc:subfield code="j">VD/7126</marc:subfield>
            <marc:subfield code="c">BARBI_ANTI</marc:subfield>
        </marc:datafield>
        <marc:datafield tag="994" ind1=" " ind2=" ">
            <marc:subfield code="a">VIDEO</marc:subfield>
        </marc:datafield>
    </marc:record>