
    <marc:record>
        <marc:leader>01296nam a2200337   4500</marc:leader>
        <marc:controlfield tag="001">bimo0000200554</marc:controlfield>
        <marc:controlfield tag="003">SpMaBN</marc:controlfield>
        <marc:controlfield tag="005">20191113151413.4</marc:controlfield>
        <marc:controlfield tag="008">880824s1985    sp            000   spa  </marc:controlfield>
        <marc:datafield tag="016" ind1="7" ind2=" ">
            <marc:subfield code="a">bimoBNE19921155620</marc:subfield>
            <marc:subfield code="z">IBH8605102987</marc:subfield>
            <marc:subfield code="2">SpMaBN</marc:subfield>
        </marc:datafield>
        <marc:datafield tag="017" ind1=" " ind2=" ">
            <marc:subfield code="a">B 24255-1985</marc:subfield>
            <marc:subfield code="b">Oficina Depósito Legal Barcelona</marc:subfield>
        </marc:datafield>
        <marc:datafield tag="020" ind1=" " ind2=" ">
            <marc:subfield code="a">84-7530-839-2</marc:subfield>
        </marc:datafield>
        <marc:datafield tag="035" ind1=" " ind2=" ">
            <marc:subfield code="a">(OCoLC)433372844</marc:subfield>
        </marc:datafield>
        <marc:datafield tag="040" ind1=" " ind2=" ">
            <marc:subfield code="a">IBH</marc:subfield>
            <marc:subfield code="b">spa</marc:subfield>
            <marc:subfield code="c">SpMaBN</marc:subfield>
            <marc:subfield code="e">rdc</marc:subfield>
        </marc:datafield>
        <marc:datafield tag="041" ind1="1" ind2=" ">
            <marc:subfield code="a">spa</marc:subfield>
            <marc:subfield code="h">eng</marc:subfield>
        </marc:datafield>
        <marc:datafield tag="080" ind1=" " ind2=" ">
            <marc:subfield code="a">820(73)-31&quot;19&quot;</marc:subfield>
        </marc:datafield>
        <marc:datafield tag="100" ind1="1" ind2=" ">
            <marc:subfield code="a">Bradbury, Ray</marc:subfield>
            <marc:subfield code="d">1920-2012</marc:subfield>
            <marc:subfield code="0">XX1641453</marc:subfield>
        </marc:datafield>
        <marc:datafield tag="240" ind1="1" ind2="0">
            <marc:subfield code="a">Fahrenheit 451</marc:subfield>
            <marc:subfield code="l">Español</marc:subfield>
        </marc:datafield>
        <marc:datafield tag="245" ind1="1" ind2="0">
            <marc:subfield code="a">Fahrenheit 451</marc:subfield>
            <marc:subfield code="h">[Texto impreso]</marc:subfield>
            <marc:subfield code="c">Ray Bradbury ; [traducción de Alfredo Crespo]</marc:subfield>
        </marc:datafield>
        <marc:datafield tag="250" ind1=" " ind2=" ">
            <marc:subfield code="a">3ª ed.</marc:subfield>
        </marc:datafield>
        <marc:datafield tag="260" ind1=" " ind2=" ">
            <marc:subfield code="a">Barcelona</marc:subfield>
            <marc:subfield code="b">Orbis</marc:subfield>
            <marc:subfield code="c">[1985]</marc:subfield>
        </marc:datafield>
        <marc:datafield tag="300" ind1=" " ind2=" ">
            <marc:subfield code="a">183 p.</marc:subfield>
            <marc:subfield code="c">20 cm</marc:subfield>
        </marc:datafield>
        <marc:datafield tag="490" ind1="0" ind2=" ">
            <marc:subfield code="a">Biblioteca de ciencia ficción</marc:subfield>
            <marc:subfield code="v">8</marc:subfield>
        </marc:datafield>
        <marc:datafield tag="500" ind1=" " ind2=" ">
            <marc:subfield code="a">Traducción de: Fahrenheit 451</marc:subfield>
        </marc:datafield>
        <marc:datafield tag="700" ind1="1" ind2=" ">
            <marc:subfield code="a">Crespo, Alfredo</marc:subfield>
            <marc:subfield code="q">Crespo López</marc:subfield>
        </marc:datafield>
        <marc:datafield tag="926" ind1=" " ind2=" ">
            <marc:subfield code="a">BNALCALA</marc:subfield>
            <marc:subfield code="b">CONSERVACI</marc:subfield>
            <marc:subfield code="c">DL/283002</marc:subfield>
            <marc:subfield code="d">NO_PRESTA</marc:subfield>
            <marc:subfield code="f">1</marc:subfield>
        </marc:datafield>
        <marc:datafield tag="926" ind1=" " ind2=" ">
            <marc:subfield code="a">BNMADRID</marc:subfield>
            <marc:subfield code="b">SG_RECOLET</marc:subfield>
            <marc:subfield code="c">7/186293</marc:subfield>
            <marc:subfield code="d">FONDO_MODE</marc:subfield>
            <marc:subfield code="f">1</marc:subfield>
        </marc:datafield>
        <marc:datafield tag="956" ind1=" " ind2=" ">
            <marc:subfield code="a">1 2</marc:subfield>
        </marc:datafield>
        <marc:datafield tag="980" ind1=" " ind2=" ">
            <marc:subfield code=".">017.   </marc:subfield>
            <marc:subfield code="a">84-7530-839-2</marc:subfield>
            <marc:subfield code=".">020.   </marc:subfield>
            <marc:subfield code="a">B 24255-1985</marc:subfield>
            <marc:subfield code=".">563.   </marc:subfield>
            <marc:subfield code="a">Encuadernación en rústica con ilustración</marc:subfield>
            <marc:subfield code=".">852. 40</marc:subfield>
            <marc:subfield code="a">SpMaBN</marc:subfield>
            <marc:subfield code="b">BNMADRID</marc:subfield>
            <marc:subfield code="9">MO01332655</marc:subfield>
            <marc:subfield code="j">7/186293</marc:subfield>
            <marc:subfield code="d">3/79545</marc:subfield>
            <marc:subfield code="c">SG_RECOLET</marc:subfield>
        </marc:datafield>
        <marc:datafield tag="980" ind1=" " ind2=" ">
            <marc:subfield code=".">852. 40</marc:subfield>
            <marc:subfield code="a">SpMaBN</marc:subfield>
            <marc:subfield code="b">BNALCALA</marc:subfield>
            <marc:subfield code="9">MO01332656</marc:subfield>
            <marc:subfield code="j">DL/283002</marc:subfield>
            <marc:subfield code="c">CONSERVACI</marc:subfield>
        </marc:datafield>
        <marc:datafield tag="994" ind1=" " ind2=" ">
            <marc:subfield code="a">MONOMODERN</marc:subfield>
        </marc:datafield>
    </marc:record>