
    <marc:record>
        <marc:leader>01060nam a22002891  4500</marc:leader>
        <marc:controlfield tag="001">bimo0000615617</marc:controlfield>
        <marc:controlfield tag="003">SpMaBN</marc:controlfield>
        <marc:controlfield tag="005">20200515013626.6</marc:controlfield>
        <marc:controlfield tag="008">900725s1974    sp                  spa  </marc:controlfield>
        <marc:datafield tag="016" ind1="7" ind2=" ">
            <marc:subfield code="a">bimoBNE19970946021</marc:subfield>
            <marc:subfield code="z">IND9100099142</marc:subfield>
            <marc:subfield code="2">SpMaBN</marc:subfield>
        </marc:datafield>
        <marc:datafield tag="017" ind1=" " ind2=" ">
            <marc:subfield code="a">B 39126-1974</marc:subfield>
            <marc:subfield code="b">Oficina Depósito Legal Barcelona</marc:subfield>
        </marc:datafield>
        <marc:datafield tag="020" ind1=" " ind2=" ">
            <marc:subfield code="a">84-01-44089-0</marc:subfield>
        </marc:datafield>
        <marc:datafield tag="035" ind1=" " ind2=" ">
            <marc:subfield code="a">(OCoLC)431802741</marc:subfield>
        </marc:datafield>
        <marc:datafield tag="040" ind1=" " ind2=" ">
            <marc:subfield code="a">SpMaBN</marc:subfield>
            <marc:subfield code="b">spa</marc:subfield>
            <marc:subfield code="c">A2</marc:subfield>
        </marc:datafield>
        <marc:datafield tag="080" ind1=" " ind2=" ">
            <marc:subfield code="a">820-311.9&quot;19&quot;</marc:subfield>
        </marc:datafield>
        <marc:datafield tag="100" ind1="1" ind2=" ">
            <marc:subfield code="a">Bradbury, Ray</marc:subfield>
            <marc:subfield code="d">1920-2012</marc:subfield>
            <marc:subfield code="0">XX1641453</marc:subfield>
        </marc:datafield>
        <marc:datafield tag="240" ind1="1" ind2="0">
            <marc:subfield code="a">Fahrenheit 451</marc:subfield>
            <marc:subfield code="l">Español</marc:subfield>
        </marc:datafield>
        <marc:datafield tag="245" ind1="1" ind2="0">
            <marc:subfield code="a">Fahrenheit 451</marc:subfield>
            <marc:subfield code="h">[Texto impreso] :</marc:subfield>
            <marc:subfield code="b">Novela...</marc:subfield>
            <marc:subfield code="c">[Traducción de Alfredo Crespo]</marc:subfield>
        </marc:datafield>
        <marc:datafield tag="260" ind1=" " ind2=" ">
            <marc:subfield code="a">Esplugas de Llobregat (Barcelona)</marc:subfield>
            <marc:subfield code="b">Plaza &amp; Janés</marc:subfield>
            <marc:subfield code="c">1974]</marc:subfield>
        </marc:datafield>
        <marc:datafield tag="300" ind1=" " ind2=" ">
            <marc:subfield code="a">186 p., 1 h.</marc:subfield>
            <marc:subfield code="c">18 cm</marc:subfield>
        </marc:datafield>
        <marc:datafield tag="490" ind1="0" ind2=" ">
            <marc:subfield code="a">Rotativa</marc:subfield>
        </marc:datafield>
        <marc:datafield tag="926" ind1=" " ind2=" ">
            <marc:subfield code="a">BNALCALA</marc:subfield>
            <marc:subfield code="b">CONSERVACI</marc:subfield>
            <marc:subfield code="c">DL/21533</marc:subfield>
            <marc:subfield code="d">NO_PRESTA</marc:subfield>
            <marc:subfield code="f">1</marc:subfield>
        </marc:datafield>
        <marc:datafield tag="926" ind1=" " ind2=" ">
            <marc:subfield code="a">BNMADRID</marc:subfield>
            <marc:subfield code="b">SG_RECOLET</marc:subfield>
            <marc:subfield code="c">7/97215</marc:subfield>
            <marc:subfield code="d">FONDO_MODE</marc:subfield>
            <marc:subfield code="f">1</marc:subfield>
        </marc:datafield>
        <marc:datafield tag="956" ind1=" " ind2=" ">
            <marc:subfield code="a">1 2</marc:subfield>
        </marc:datafield>
        <marc:datafield tag="980" ind1=" " ind2=" ">
            <marc:subfield code=".">852. 40</marc:subfield>
            <marc:subfield code="a">SpMaBN</marc:subfield>
            <marc:subfield code="b">BNALCALA</marc:subfield>
            <marc:subfield code="9">MO00600808</marc:subfield>
            <marc:subfield code="j">DL/21533</marc:subfield>
            <marc:subfield code="c">CONSERVACI</marc:subfield>
            <marc:subfield code="x">B271395</marc:subfield>
        </marc:datafield>
        <marc:datafield tag="980" ind1=" " ind2=" ">
            <marc:subfield code=".">852. 40</marc:subfield>
            <marc:subfield code="a">SpMaBN</marc:subfield>
            <marc:subfield code="b">BNMADRID</marc:subfield>
            <marc:subfield code="9">MO00600807</marc:subfield>
            <marc:subfield code="j">7/97215</marc:subfield>
            <marc:subfield code="c">SG_RECOLET</marc:subfield>
            <marc:subfield code="x">B271394</marc:subfield>
        </marc:datafield>
        <marc:datafield tag="994" ind1=" " ind2=" ">
            <marc:subfield code="a">MONOMODERN</marc:subfield>
        </marc:datafield>
    </marc:record>